2686 4808
323 320 655 391 resrmoml
682 320 745 387 ur
773 300 1000 388 tuorem.
1135 341 1201 389 ιιιι

130 458 232 527 dictio
256 455 411 539 candida,
434 455 563 522 numeri
589 478 657 521 non
682 452 849 536 affectati,
870 465 967 521 acute
986 451 1073 521 dictu
1099 452 1203 521 multa

131 567 202 634 sine
228 563 407 631 ambitione
415 611 521 628 .......
534 559 608 627 libri
633 559 674 627 de
702 573 798 655 raptu
825 559 1030 652 Proserpinae
1053 558 1204 643 candidi,

133 670 231 755 culti,
255 671 350 754 tersi,
370 666 547 735 numerosi.
569 697 585 729 ιι

461 867 575 951 ruem,
597 867 653 936 aa.
676 820 819 961 κιαι.
840 865 875 934 s.

191 1048 283 1117 Idem
300 1049 359 1132 ait,
373 1043 524 1140 quaedam
540 1043 714 1113 Claudiani
729 1045 876 1113 carmina
892 1046 1122 1137 «speciosiora
1138 1071 1208 1115 esse
1269 1129 1270 1135 ἵ
1290 1060 1294 1067 “

136 1181 237 1249 quam
252 1152 436 1222 Ovidiana.
454 1199 462 1216 .
480 1154 630 1221 Cereris
641 1175 777 1220 currum
791 1164 859 1218 tam
874 1148 1095 1240 Claudianus,
1107 1177 1208 1246 quam

138 1260 280 1329 Ovidius
297 1259 520 1352 descripsere:
537 1282 654 1325 verum
668 1257 722 1325 hic
738 1254 919 1343 levissime,
936 1280 1003 1325 uon
1023 1283 1083 1326 suo
1100 1285 1208 1342 more3

141 1367 195 1435 ille
215 1366 473 1447 ambitiosius»,
492 1379 553 1432 etc.

483 1542 640 1634 Angelru
660 1541 864 1609 Politianus.

262 1715 323 1767 Aut
335 1707 474 1765 Pelusiaci
487 1707 605 1777 missum
619 1705 656 1762 de
670 1705 756 1783 plebe
771 1707 935 1782 Canopi...
950 1753 955 1763 .

263 1799 445 1858 Gaudentem
457 1799 559 1875 Stygio
572 1794 719 1855 dominam
727 1798 858 1874 junxisse
871 1799 985 1857 marito.

303 1973 448 2041 Natalis
472 1975 607 2052 Comes,
632 1971 894 2064 Mytl.l1·b.ll‚
918 1997 995 2067 cap.
1020 1997 1056 2066 9.

205 2145 435 2215 «Claudianus
457 2170 526 2214 rem
546 2159 649 2212 totam
666 2145 708 2211 de
725 2143 866 2213 Plutone
884 2144 1126 2240 elegantissimo
1143 2175 1216 2219 cnr-

146 2255 236 2321 mine
257 2252 449 2346 complexus
471 2265 558 2344 est.»
932 2250 938 2267 ’

522 2430 663 2522 Gaspcu·
682 2428 853 2496 Bnrllu'rar.

204 2605 376 2687 Barthius‚
395 2605 451 2697 qui
474 2602 616 2698 plurima
642 2603 741 2673 nobis
769 2605 992 2699 suppeditavit
1017 2608 1222 2694 testimonia,

152 2715 238 2779 inter
264 2710 343 2779 alias
376 2709 487 2780 laudes
508 2709 728 2778 Claudianum
753 2725 851 2780 vocat
881 2712 1160 2784 «nobilissimum
1188 2734 1223 2787 et

152 2819 411 2886 literatissimum
433 2842 473 2884 ex
491 2819 582 2885 omni
602 2815 670 2884 fere
689 2818 882 2910 antiquitate
904 2821 1057 2906 Poetam,
1076 2838 1110 2891 et
1127 2823 1222 2918 inge·

155 2926 210 2991 nio
232 2924 404 2991 adomnia
426 2947 553 2991 summa
576 2938 695 2990 nato».

350 3117 445 3185 Idem
465 3116 508 3184 de
525 3120 704 3211 Panegyri
724 3118 842 3186 Malle·
865 3076 1041 3188 Tbeodort'.

216 3325 233 3360 ιι
249 3294 540 3376 Eruditissimum‚
574 3293 902 3388 eloquentissimum,
931 3312 1126 3392 tantumque
1159 3326 1226 3369 non

163 3402 309 3470 divinum
357 3402 447 3470 hunc
492 3401 637 3487 librum,
672 3401 825 3469 humana
864 3405 1031 3496 sapientire
1075 3409 1230 3498 mysteria

165 3532 315 3601 magnam
333 3522 461 3601 partem
474 3506 692 3594 indicantem,
708 3508 735 3576 si
758 3532 912 3577 enarrare
931 3534 971 3576 ex
992 3513 1111 3581 nierito
1131 3512 1229 3596 velis,

167 3615 300 3682 Graeciae
331 3616 480 3708 Latiique
509 3612 687 3709 penetralia
717 3616 828 3683 omnia
859 3641 991 3685 necesse
1018 3621 1080 3686 erit
1106 3634 1144 3687 ut
1170 3645 1230 3688 ex·

169 3736 276 3788 cunas.
293 3751 309 3782 u
