2686 4808
209 350 256 417 28
532 353 944 421 PROLEGOMENA

222 536 284 601 DE
312 535 460 602 BELLO
488 535 750 605 GILDONlCO
775 561 783 602 :
811 536 874 604 DE
901 536 1051 603 BELLO
1078 536 1265 605 GETICO.

247 702 498 799 Progrediamur
507 710 548 774 ad
561 712 694 776 tertium
706 733 824 800 genus,
837 734 904 799 quo
921 713 1042 776 bellum
1059 711 1275 777 Gildonicum

203 826 237 875 et
248 812 398 875 Geticum
412 811 609 875 continetur.
628 813 668 874 Iu
686 834 754 899 quo
767 835 871 899 quum
887 835 1026 901 persona
1041 814 1093 876 vel
1108 810 1275 876 laudanda

203 911 255 973 vcl
265 910 479 997 vituperanda
495 933 562 975 non
577 911 619 975 sit
631 913 811 1000 proposita,
822 912 880 978 sed
894 936 944 977 res
957 929 1047 1003 gesta
1061 912 1275 1001 exponenda,

201 1008 273 1087 jure
281 1009 443 1097 potuisses
450 1028 649 1099 exspectare,
659 1013 816 1077 rationem
824 1014 948 1101 epicam
958 1015 1163 1101 potissimum
1171 1013 1277 1078 fuisse

202 1109 392 1175 adhibitam.
406 1110 527 1175 Verum
546 1113 686 1177 multum
699 1111 835 1193 falleris3
847 1135 923 1177 nam
935 1115 970 1178 in
984 1113 1115 1178 duobus
1128 1114 1188 1176 illis
1200 1136 1276 1176 car·

203 1211 347 1274 minibus
358 1211 492 1275 actionis
507 1226 556 1274 est
568 1232 701 1299 parum,
713 1212 918 1300 nimiumque
933 1212 1205 1277 declamationis¹.
1217 1212 1276 1277 Dii

203 1310 334 1398 quidem
357 1328 391 1376 et
410 1312 559 1375 homines
586 1313 768 1400 complures
791 1313 826 1375 in
849 1335 978 1377 socnam
1004 1312 1186 1402 prodeunt,
1213 1311 1276 1377 sed

202 1411 395 1498 plerumque
412 1428 449 1475 ut
463 1411 573 1499 pueri,
591 1412 647 1498 qui
661 1413 824 1477 orationes
838 1414 1001 1478 memoriae
1016 1412 1181 1478 mandatas
1194 1428 1276 1478 ante

203 1513 347 1601 magistri
360 1512 546 1587 cathedram
568 1512 713 1576 recitant.
728 1514 799 1577 Hoc
819 1514 980 1603 praecipue
993 1516 1102 1579 locum
1118 1514 1219 1579 habet
1237 1514 1274 1578 in

202 1613 345 1676 carmine
363 1614 435 1695 XV,
454 1611 530 1700 quia
547 1611 601 1676 illa
618 1635 709 1700 pars,
728 1635 799 1700 qua·
816 1615 1034 1678 narrationem
1057 1613 1275 1703 expeditionis

203 1714 408 1795 continebat,
422 1714 487 1778 fato
501 1712 676 1777 intercidit.
687 1712 798 1777 Mirari
814 1735 948 1802 quoque
962 1715 1027 1779 hoc
1042 1714 1162 1804 possis,
1178 1713 1276 1801 quod

203 1817 237 1878 in
252 1815 395 1879 carmine
408 1814 518 1879 XXVI
529 1813 727 1878 Claudianus
744 1812 827 1878 illud
840 1812 880 1877 ad
900 1814 1091 1878 Pollentiam
1105 1813 1274 1901 praelium,

204 1914 293 2002 quod
309 1938 374 2003 prae
390 1915 512 1979 coeteris
527 1912 693 1978 debuisset
708 1915 813 1978 verbis
830 1937 1001 1996 exornare,
1015 1916 1126 1979 leviter
1141 1930 1275 1979 tantum

202 2016 316 2105 attigit.
330 2016 452 2079 Forsan
470 2016 651 2080 consultius
662 2016 870 2098 existimavit,
881 2018 990 2104 paucis
1002 2018 1034 2079 in
1048 2017 1100 2080 illa
1110 2039 1144 2080 re
1153 2015 1276 2081 descri-

203 2116 309 2181 benda
331 2116 482 2205 defungi,
505 2140 577 2205 qum
593 2135 741 2183 accurate
759 2118 902 2206 exposita
926 2119 1062 2207 gloriam
1082 2117 1273 2183 Stilichonis

202 2218 252 2281 vel
269 2218 440 2282 minuisset
453 2218 504 2281 vel
513 2218 726 2283 obscurasset.
745 2218 848 2297 Hujus
868 2218 914 2281 rei
932 2219 1148 2306 suspicionem
1159 2218 1273 2306 ipsum

205 2342 337 2407 quoque
344 2336 448 2408 poetae
455 2319 600 2382 studium
608 2336 716 2382 movet
724 2320 759 2382 in
767 2318 931 2384 laudando
938 2319 1125 2383 Stilichonis
1132 2319 1272 2385 consilio

204 2418 246 2503 (v.
264 2440 324 2502 90,
348 2418 465 2505 seqq),
486 2441 553 2504 quo
574 2419 706 2506 pulsum
727 2420 905 2502 Alaricum,
924 2443 1038 2507 quem,
1058 2421 1084 2484 si
1108 2419 1273 2485 adulatori

202 2518 280 2582 lides
294 2535 359 2599 est,
371 2519 422 2582 vel
436 2520 545 2582 vivum
560 2542 673 2607 capere
685 2521 735 2583 vel
750 2521 879 2611 penitus
895 2521 1002 2585 delere
1018 2521 1191 2608 potuisset,
1206 2522 1273 2585 sal-

201 2642 278 2683 vum
289 2636 321 2683 et
336 2620 533 2685 incolumem
548 2644 587 2684 ex
605 2622 694 2685 ltalia
706 2621 862 2687 decedere
876 2644 987 2711 passus
1002 2638 1059 2686 est.
1071 2621 1272 2700 Hujusmodi

201 2720 393 2808 eloquentiae
402 2721 576 2809 specimina
587 2722 701 2811 saepius
714 2739 823 2786 nostra
835 2722 990 2786 memoria
1001 2722 1035 2785 iu
1045 2745 1084 2784 eo
1094 2721 1178 2785 bello
1189 2738 1272 2788 sunt

202 2820 303 2903 edita,
323 2845 390 2909 quo
408 2822 596 2904 Germania,
616 2847 683 2886 non
697 2824 808 2887 virtuti
822 2840 855 2887 et
870 2824 985 2905 armis,
1003 2821 1059 2886 sed
1078 2822 1268 2910 Principum

201 2921 362 2985 discordia
370 2922 543 3010 proditioni
557 2940 589 2988 et
597 2923 737 3011 perfidiae
747 2925 853 2988 cessit.
860 2927 1018 2988 Caeterum
1031 2923 1281 3023 quumindoles'

202 3039 234 3086 et
252 3038 366 3087 natura
380 3024 478 3104 hujus
492 3025 617 3112 generis
636 3026 816 3089 carminum
830 3048 848 3089 a
863 3026 1027 3114 prioribus
1047 3047 1114 3087 non
1128 3047 1268 3113 magno·

245 3231 269 3263 1.
291 3212 374 3263 Roma
393 3208 442 3263 dea
461 3212 529 3264 lame
546 3224 656 3284 propter
672 3224 787 3264 retentas
807 3231 822 3264 a
845 3212 961 3265 Gildone
982 3230 1061 3266 naves
1081 3212 1269 3266 frumentarias

202 3309 277 3359 pane
287 3291 413 3351 consecra,
427 3291 454 3342 in
464 3291 581 3363 Olympo
590 3290 623 3344 ad
635 3290 699 3344 deos
707 3282 1011 3363 frequentes'orationem
1019 3292 1133 3345 habetv.
1145 3295 1269 3363 att-127.

201 3371 261 3433 Qua
268 3370 343 3422 linita
351 3370 440 3422 Affica
448 3369 552 3441 prodit,
561 3372 771 3440 calamitatesque
782 3390 841 3423 suas
851 3371 961 3443 exponit
970 3389 995 3423 v.
1007 3372 1061 3439 139
1068 3400 1080 3413 ·
1087 3389 1151 3424 roo.
1159 3370 1269 3442 Jupiter

202 3449 289 3501 verbis
300 3450 468 3519 paucioribus
480 3448 634 3521 defungitur
645 3471 671 3503 v.
682 3450 990 3521 aod-207.Theodosiue
1002 3470 1073 3509 arus.
1087 3463 1113 3503 et
1124 3463 1209 3521 pater,
1221 3449 1268 3503 ille

202 3526 236 3579 ad
251 3526 409 3589 Arcadium,
423 3528 468 3581 bic
480 3528 514 3581 ad
530 3530 679 3582 Honorium
699 3529 849 3582 mittuntur.
869 3530 944 3583 Illius
960 3530 1045 3582 oratio
1061 3530 1235 3583 continuatur
1253 3548 1269 3603 a

202 3626 227 3659 v.
244 3609 299 3661 236
307 3637 319 3648 ·
328 3607 382 3670 324
392 3628 401 3673 ;
415 3608 494 3678 hujus
505 3627 520 3660 a
531 3628 556 3661 r.
574 3609 721 3678 330·347.
734 3609 868 3661 Honorius
879 3622 969 3662 narrat
980 3610 1112 3662 somnium
1123 3608 1267 3662 stilichoni

201 3704 216 3737 a
230 3694 255 3738 ν’.
271 3684 422 3757 tet-378.
438 3686 547 3740 Stilicho
562 3687 704 3759 respondet
719 3708 734 3740 a
749 3707 775 3740 v.
792 3690 939 3752 38⁰·dld·
957 3690 1107 3741 Exercitum
1124 3688 1267 3741 collectum

202 3766 336 3818 Honorius
351 3764 385 3817 ad
397 3766 522 3819 virtutem
534 3769 687 3820 exhortatur
701 3787 716 3819 a
728 3786 754 3820 v.
769 3772 914 3837 427-466.
932 3768 1030 3821 Milites
1043 3768 1203 3821 alacritatem
1219 3788 1266 3822 ex-

201 3845 321 3916 primunt
332 3864 405 3897 suam
419 3864 469 3898 av.
483 3848 538 3909 488
547 3878 558 3888 -
568 3846 633 3909 504.
653 3849 684 3899 ln
697 3847 748 3899 hoc
761 3847 877 3900 carmine
889 3860 967 3919 poeta
980 3847 1129 3901 doctrinam
1144 3866 1219 3901 suam
1236 3848 1265 3901 in

201 3924 317 3996 antiquis
327 3925 435 3990 sabulis,
445 3924 555 3978 historia
565 3946 684 3992 romana,
696 3939 722 3978 et
733 3928 853 3979 locorum
864 3926 1041 3999 descriptione
1052 3928 1174 3999 explicat,
1180 3927 1266 4000 iisque

201 4018 432 4073 rerumgestarum
444 4003 564 4059 ordinem
579 4006 673 4077 sapius
688 4007 865 4078 interrumpit.
