2686 4808
140 350 161 392 a
463 326 873 395 PROLEGOMENA

137 458 299 529 spectant,
310 464 447 530 quaeque
459 443 528 531 ipse
537 445 664 531 scriptis
676 445 742 508 suis
753 447 871 532 passim
882 447 1036 529 intexuit,
1049 455 1208 540 exceptis,

136 546 259 631 reliqua
274 546 384 608 omnia
403 547 498 632 plane
521 546 722 634 ignorantur.
752 546 948 634 Quanquam
976 550 1129 635 luerunt,
1148 557 1208 641 qui

125 643 177 709 'de
190 646 294 734 patria
309 645 378 725 ejus
389 646 643 709 controversiam
658 662 843 725 moverent,
859 665 987 714 constat
999 666 1123 735 tamen,
1135 678 1208 719 non

133 761 200 810 tam
217 771 256 811 ex
273 748 391 836 ipsius,
408 770 506 835 quam
531 770 570 811 ex
589 747 727 812 aliorum
748 749 957 834 testimoniis,
975 775 1052 817 eum
1066 755 1207 821 Alexan-

133 848 211 913 driae
222 864 334 912 natum
352 865 449 936 atque
463 849 638 913 educatum
650 850 777 914 fuisse¹.
790 852 909 934 Quales
924 871 1072 942 parentes
1082 857 1207 922 habuc·

133 950 190 1030 rit,
206 949 397 1031 nescimus²,
413 950 563 1037 aquibus
578 966 704 1031 tamen,
717 950 906 1040 quicunque
923 954 1054 1020 taudem
1071 958 1116 1020 illi
1131 959 1207 1023 fue-

132 1052 217 1132 rint,
236 1049 409 1114 liberaliter
425 1067 474 1114 est
488 1052 669 1115 institutus.
689 1051 790 1128 Nam,
810 1069 848 1116 ut
864 1077 903 1116 ex
918 1056 1116 1137 carminibus
1136 1059 1207 1139 ejus

133 1168 280 1240 apparet,
299 1152 388 1217 nulla
403 1150 471 1217 fere
493 1175 545 1215 res
569 1168 635 1234 ert,
656 1174 728 1240 qua
752 1152 885 1240 quidem
908 1152 949 1218 atl
967 1156 1205 1223 humanitatem

131 1246 306 1342 pertineat,
320 1276 430 1343 ¹quam
456 1253 509 1318 ille
533 1254 667 1319 scientia
689 1276 757 1318 non
779 1255 820 1318 sit
847 1256 1052 1343 complexus,
1076 1259 1208 1346 mytho-

131 1377 273 1444 rumque
280 1356 481 1443 antiquitatis
491 1355 648 1443 imprimis
658 1357 822 1438 Romanae,
831 1355 1096 1445 diversarumque
1105 1362 1208 1425 ratio-

131 1474 214 1520 num
229 1456 528 1546 pbilosopbimrum
548 1457 706 1544 cognitio,
725 1456 849 1544 ubique
867 1457 935 1522 fere
953 1474 1130 1540 ostentata,
1146 1461 1208 1525 de-

132 1559 245 1639 clarat,
256 1581 333 1623 cum
350 1574 384 1622 et
401 1558 496 1622 bonis
515 1538 676 1646 magislris
694 1579 763 1623 esse
782 1580 899 1637 usum,
916 1575 949 1622 et
969 1559 1004 1621 in
1023 1583 1060 1623 ea
1076 1560 1208 1625 civitate

50 1701 53 1705 .
132 1659 189 1725 diu
201 1675 381 1740 versatum,
397 1658 454 1723 ubi
464 1660 631 1723 literarum
645 1658 752 1723 studia
765 1660 904 1723 maxime
917 1659 1073 1749 vigerent.

178 1758 334 1844 Quando,¹
342 1781 410 1848 quo
420 1760 520 1824 aetatis
531 1782 618 1824 auno
630 1775 662 1823 et
672 1782 816 1847 quonam
827 1760 893 1823 fato
904 1761 938 1823 in
951 1761 1077 1826 Italiam
1087 1786 1208 1851 perve-

132 1862 226 1942 nerit,
235 1883 351 1949 pamm
358 1860 472 1948 liquet,
482 1883 590 1948 neque
601 1861 703 1950 magis
712 1876 849 1944 constat,
864 1884 928 1949 qua
937 1862 1062 1927 ratione
1073 1885 1107 1928 se
1116 1864 1208 1928 Stili-

132 1962 247 2027 chonis
265 1962 373 2026 tutelae
393 1960 646 2041 commendarit,
660 1961 986 2049 benevolentiamque
1001 1962 1128 2027 Serenae
1142 1964 1209 2029 sibi

81 2114 85 2125 .
132 2063 375 2152 comparaverit.
386 2064 497 2125 Romae
505 2062 596 2125 illum
603 2063 668 2143 jam
678 2061 951 2148 fuisseA.C.394,
959 2063 1035 2128 inde
1043 2065 1134 2128 facile
1142 2068 1209 2130 col·

132 2165 254 2255 ligitur,
261 2163 350 2254 quod
360 2186 448 2227 anno
455 2163 606 2249 sequenti
616 2164 848 2252 panegyricum
856 2163 891 2227 in
899 2164 1080 2228 Probiuum
1088 2162 1210 2255 eroty-

179 2428 203 2463 ι.
221 2411 279 2462 Hoc
292 2409 392 2478 liquere
403 2405 479 2457 aiunt
491 2422 523 2455 ex
537 2403 673 2465 XXXIX,
688 2420 737 2467 ao,
761 2404 806 2454 uhi
825 2403 1004 2456 Alexandrum
1026 2405 1065 2456 tt.
1081 2406 1209 2460 condito·

137 2509 194 2543 rem
207 2488 315 2561 patriae,
326 2497 393 2538 etex
404 2502 431 2536 v.
446 2483 482 2537 56
495 2500 552 2552 sqq.
560 2493 588 2534 et
595 2482 699 2546 XLIII,
716 2483 742 2545 3,
757 2482 803 2534 ubi
816 2482 909 2535 Nilum
923 2502 1002 2535 suum
1016 2498 1101 2538 vocat.
1114 2486 1209 2551 Quum

138 2581 226 2623 autem
239 2567 273 2621 de
287 2566 334 2619 illo
345 2562 430 2636 priori
442 2562 576 2628 carmine,
590 2573 681 2614 utram
697 2580 712 2613 a
724 2573 815 2614 nostm
832 2559 979 2625 Claudiano
990 2564 1140 2634 profectum
1154 2568 1208 2634 sit,

137 2667 233 2713 necue,
253 2647 282 2699 in
305 2653 563 2715 utramquepartem
591 2640 765 2712 probabiliter
781 2641 864 2712 possit
883 2640 1029 2714 disputari,
1051 2645 1121 2696 nihil
1138 2649 1208 2702 certi

137 2726 201 2782 iude
213 2726 328 2799 colligas.
343 2721 452 2777 Accedit
464 2733 553 2774 autem
570 2720 750 2775 testimonium
764 2719 868 2774 Sidonii
882 2722 1043 2794 Apollinaris
1056 2742 1140 2778 carm.
1155 2727 1208 2792 IX,

140 2827 194 2880 ¹7¹
214 2826 285 2880 sqq,
299 2806 347 2879 qui
362 2803 455 2876 procul
471 2801 555 2854 dubio
571 2800 748 2855 Claudianum
761 2801 898 2877 iutelligit:
916 2802 973 2854 Noa
991 2802 1119 2855 Pelmiaco
1139 2818 1209 2859 satus

140 2888 253 2959 Canopo,
267 2891 309 2959 qai
315 2885 451 2954 ferruginei
461 2894 524 2935 toros
538 2885 617 2933 mariti
630 2894 653 2933 et
663 2880 736 2933 Musa
749 2884 814 2933 canit
828 2882 915 2948 lustros
928 2901 1049 2951 superam
1064 2895 1091 2936 et
1102 2882 1208 2949 Suidae,

137 2963 290 3028 Klaudmslt
299 3006 308 3034 ,
316 2959 488 3034 ἀλεξανδρεὺς,
498 2962 612 3023 ἐποποιὸς
622 2960 751 3030 ardetque,
761 2964 858 3031 γέγονεν
869 2962 910 3014 ἐπὶ
920 2968 969 3013 τῶν
978 2963 1066 3031 χρόνων
1080 2955 1208 3034 letatus

137 3049 179 3101 aet
192 3039 301 3118 (trepita-
322 3045 435 3098 Illorum
452 3053 617 3107 commenta,
635 3040 682 3112 qui
702 3039 878 3093 Claudianum
892 3041 935 3094 rel
952 3041 1150 3110 Florentinum,
1162 3048 1209 3100 vel

137 3128 286 3199 Hispanum
300 3126 436 3180 lecerunt,
451 3119 609 3192 jamdudum
622 3132 685 3175 suut
699 3120 813 3192 explosa.
830 3120 872 3175 Cf.
887 3120 1002 3174 Fabricii
1017 3121 1145 3178 Bibliotla.
1159 3124 1208 3179 lat.

140 3206 182 3261 etl.
197 3209 301 3261 Ernest.
317 3207 350 3258 T.
361 3205 413 3268 ΙΙΙ,
430 3222 458 3274 p.
477 3220 583 3272 192sq.
691 3261 692 3265 Ἰ

181 3308 205 3340 a.
224 3285 360 3341 Cluverius
370 3283 530 3354 suspicatur,
541 3294 642 3352 patrem
655 3283 711 3351 ejus
723 3280 799 3332 illurn
810 3278 986 3334 Claudianum
997 3279 1090 3345 luisse,
1102 3280 1137 3334 de
1150 3301 1208 3354 quo

136 3366 273 3439 Eunapius
284 3367 312 3419 in
321 3364 439 3418 Maximo
450 3381 510 3434 pag.
522 3366 558 3432 67
572 3374 637 3415 extr.
651 3356 770 3430 ἀδιλφιὺς
782 3354 831 3428 εἶχε
843 3362 965 3430 γνησίους,
977 3362 1016 3423 οὓς
1028 3361 1130 3414 latitura
1145 3357 1208 3416 alsat

137 3447 248 3517 πρώτους
267 3447 339 3505 αὐτὸς
356 3444 405 3508 ὣν,
421 3437 576 3494 Xluudtast'a
595 3461 622 3493 rt
637 3442 676 3494 τὸν
691 3437 868 3493 »armatura
883 3440 927 3496 tlt
942 3432 1120 3510 Ᾰλεξανθρνὶαν
1135 3447 1210 3511 xenii

136 3524 326 3593 werletem«,
346 3525 389 3577 ital
408 3519 592 3592 Nupptdmv'ua,
611 3523 651 3573 ria
674 3523 698 3573 tv
718 3521 814 3590 Σμύρνῃ
836 3527 971 3591 περιφανῶς
995 3523 1207 3590 repertricem.

136 3607 245 3659 Etiamsi
261 3607 295 3658 ita
315 3624 342 3658 se
358 3623 415 3657 rem
434 3603 532 3654 habere
550 3601 639 3653 nullus
657 3599 842 3671 prestiterim,
861 3612 949 3652 tamen
969 3600 1136 3672 probabilius
1154 3598 1210 3655 hoe

135 3686 203 3739 mihi
216 3685 333 3749 videtur,
349 3702 428 3755 quam
442 3679 515 3753 quod
531 3680 663 3733 Gesnerus
673 3679 763 3749 colligi
777 3697 853 3750 posse
864 3691 941 3750 putat
953 3697 985 3733 ex
999 3678 1135 3745 XXXIX,
1152 3679 1209 3746 ⁵⁵,

133 3767 272 3836 agnatione
287 3764 402 3835 attigisse
417 3760 592 3814 Claudianum
612 3756 779 3812 Hadrianum
793 3759 947 3830 prefectum
962 3759 1104 3832 praetorio,
1122 3778 1208 3832 quum

133 3844 218 3900 adbuc
236 3845 270 3898 de
291 3842 462 3914 inscriptione
477 3841 549 3894 illius
566 3839 682 3912 epistolar
700 3839 783 3910 possit
801 3837 938 3907 dubitari,
962 3858 1048 3911 neque
1066 3858 1096 3892 er
1116 3841 1208 3893 verbis

132 3926 217 3997 ipsis,
234 3925 335 3978 etiautsi
360 3920 392 3974 ad
418 3922 492 3973 illum
513 3921 601 3977 virum
619 3919 728 3991 epistola
750 3920 845 3990 scripta
866 3922 917 3985 sit,
944 3933 1003 3973 tuto
1026 3919 1054 3971 id
1081 3919 1208 3991 colligere

131 4025 221 4079 queas.
