2686 4808
201 370 223 438 8
528 364 938 434 PROLEGOMENA

197 489 260 552 stio
276 487 418 551 eruditos
431 486 593 565 exercuit,
612 500 724 549 utrum
743 481 939 548 Claudianus
961 485 1058 548 sacris
1080 484 1268 554 christianis

197 589 340 653 initiatus
352 589 467 668 luerit,
480 607 595 650 necne.
606 584 776 648 Probabile
785 583 917 672 quidem
927 584 1071 665 videtur,
1088 609 1193 674 quum
1203 589 1269 653 im·

176 757 180 765 ,
197 705 360 777 peratores
382 709 458 752 cum
475 685 666 774 proceribus
683 685 827 772 plurium
842 685 981 750 deorum
1004 687 1097 751 cultu
1112 686 1267 754 abdicato

196 789 238 854 ad
250 791 417 878 puriorem
434 788 625 876 religionem
646 808 680 849 se
696 786 951 869 transtulissent,
966 786 1098 874 jamque
1117 788 1268 853 sacerdo·

197 908 267 956 tum
282 891 438 954 instinctu
450 903 574 953 veteres
585 886 795 967 cerimonias,
811 886 931 974 quibus
943 903 1020 952 ante
1031 889 1163 953 fuerant
1175 887 1269 954 addi·

196 993 257 1074 cti,
279 992 395 1079 partim
419 987 746 1070 circumscribendos,
772 988 889 1076 partim
912 989 1071 1054 tollendas
1093 1006 1265 1072 curarem,

195 1091 292 1155 etiam
304 1107 435 1179 poetam
449 1091 483 1154 in
495 1088 673 1154 retinendis
685 1088 801 1153 ritibus
814 1089 959 1178 pristinis
970 1113 1038 1154 non
1050 1091 1150 1154 fuisse
1160 1092 1267 1178 pervi-

196 1213 321 1273 cacem,
338 1191 395 1256 sed
412 1190 538 1256 lubenti
554 1191 664 1254 animo
683 1188 725 1254 ad
746 1208 831 1255 nova
850 1212 938 1255 sacra
957 1213 991 1255 se
1011 1192 1209 1274 contulisse,
1224 1208 1268 1257 ut

195 1293 328 1383 gratim
356 1293 559 1381 imperatoris
575 1308 608 1356 et
625 1290 848 1374 sacerdotum,
871 1293 928 1379 qui
950 1295 1016 1374 jam
1033 1309 1104 1357 turn
1127 1315 1267 1382 magnos

195 1396 327 1483 spiritus
346 1417 475 1459 sumere
492 1408 671 1482 coeperant,
688 1394 738 1457 vel
755 1393 820 1457 hoc
836 1393 970 1457 nomine
989 1393 1098 1459 iniret.
1113 1392 1178 1458 Sed
1194 1395 1267 1457 Au·

195 1498 332 1584 grrstini¹
343 1513 375 1561 et
387 1496 510 1560 Orosii²
520 1495 704 1560 testimonia
711 1495 909 1558 contrarium
919 1493 1110 1582 perhibent,
1119 1515 1266 1581 quorum

196 1726 346 1792 orientalia,
355 1728 429 1799 cujus
442 1744 539 1779 munus
550 1722 659 1797 aliquod
671 1725 693 1778 is
703 1722 810 1777 videtur
821 1722 980 1791 obtinuisse,
992 1724 1039 1796 qui
1051 1725 1081 1777 iu
1094 1724 1141 1778 illa
1152 1725 1267 1797 epistola

82 1820 88 1833 ·
197 1805 265 1858 iram
285 1804 421 1878 deprecari
442 1805 546 1873 studet;
567 1823 654 1876 neque
668 1815 730 1875 post
745 1803 899 1857 Stilichonis
917 1816 1049 1867 mortem,
1069 1823 1124 1876 quo
1144 1816 1268 1876 tempore

196 1878 359 1940 Claudianus
373 1886 459 1938 ardore
473 1887 566 1939 saltem
579 1885 683 1954 juvenili
694 1883 795 1954 impelli
810 1901 865 1936 non
885 1895 989 1955 poterat
1006 1882 1040 1937 ad
1057 1901 1197 1955 procerem
1216 1886 1268 1939 ali·

197 1982 276 2036 quem
290 1966 459 2030 violandum,
473 1965 525 2017 nisi
539 1962 627 2028 dieas,
641 1964 740 2015 factum
752 1963 805 2015 hoc
819 1980 874 2015 esse
887 1962 1032 2016 Stilichone
1045 1962 1133 2017 adhuc
1145 1963 1208 2017 vivo
1218 2003 1227 2032 ,
1238 1978 1268 2018 et

197 2042 363 2098 Hadrianum
378 2047 445 2098 iram
456 2063 530 2098 suam
543 2041 675 2097 distulisse
690 2042 719 2093 in
731 2039 902 2094 commodum
917 2054 1030 2114 tempus.
1049 2041 1154 2096 Deinde
1169 2043 1268 2097 insmi·

196 2123 256 2196 ptio
273 2125 353 2198 hujus
367 2125 491 2180 carminis
505 2122 582 2177 MSS.
597 2141 727 2176 consensu
743 2140 799 2174 non
814 2122 961 2194 probatur,
976 2141 1038 2174 nam
1055 2122 1085 2176 in
1104 2121 1268 2194 quibusdam

195 2204 308 2276 legitur:
326 2206 368 2260 cl.
384 2200 525 2261 Cliudiani
539 2205 674 2271 sotiisactio
688 2222 735 2273 pro
754 2222 779 2254 se
796 2202 864 2272 apud
878 2201 1042 2255 Stilichonem.
1060 2203 1127 2269 Quia
1139 2201 1267 2274 quidem,

196 2284 298 2338 etiamsi
315 2285 429 2356 genuina
446 2303 501 2337 esse
520 2302 574 2336 non
592 2294 694 2354 potest,
711 2280 758 2335 sed
777 2281 900 2334 monachi
916 2281 1052 2353 cujusdam
1068 2283 1172 2355 stupori
1183 2281 1269 2337 debe·

195 2378 257 2428 tur,
273 2364 428 2417 hortamen
447 2361 578 2426 declarat,
599 2379 685 2431 neque
706 2361 779 2414 illam
801 2358 1022 2432 descriptionem,
1042 2372 1123 2433 quam
1138 2362 1268 2417 Heinsius

197 2455 257 2513 post
271 2443 422 2496 Cluverium
435 2443 512 2495 unice
523 2460 613 2494 veram
625 2459 680 2494 esse
693 2440 837 2504 existimat,
851 2441 987 2512 antiquam
999 2460 1055 2495 esse
1069 2455 1096 2497 et
1111 2442 1144 2494 ab
1157 2454 1269 2496 anctore

196 2521 357 2593 prolectam,
368 2523 486 2593 alioquin
498 2524 531 2575 ab
544 2522 593 2574 hac
607 2520 709 2574 librarii
719 2521 842 2573 aberrare
853 2539 908 2573 non
922 2521 1078 2592 potuissent.
1086 2519 1181 2587 Quid?
1190 2521 1269 2594 quod

196 2602 280 2673 epigr.
292 2602 409 2667 LXXX,
422 2599 496 2674 quod
507 2601 661 2655 inscribitur
674 2601 704 2653 de
718 2601 843 2653 Theodoro
853 2612 878 2651 et
888 2601 1031 2662 Hadriano,
1044 2614 1072 2654 et
1083 2601 1111 2654 in
1126 2620 1181 2672 quo
1193 2601 1269 2656 illias

197 2679 298 2734 desidia
310 2681 442 2755 hujusque
453 2683 580 2754 rapacitas
594 2681 686 2734 acerbe
698 2680 895 2752 perstringitur,
908 2680 1031 2734 librarios
1042 2679 1176 2734 induxisse
1189 2679 1268 2734 vide·

195 2773 255 2827 tur,
267 2774 298 2814 ut
309 2762 381 2814 illam
393 2761 531 2834 epistolam
542 2760 576 2815 ad
588 2759 767 2824 Hadrianum,
779 2761 967 2831 epigrammate
980 2761 1126 2825 offensum,
1139 2759 1268 2831 scriptam

196 2858 251 2894 osse
266 2842 452 2896 existimarent
473 2840 525 2895 Sed
542 2854 569 2893 et
584 2841 613 2892 in
629 2841 682 2892 hoc
699 2838 828 2892 Hadriani
845 2858 944 2892 nomen
959 2839 1027 2893 mihi
1042 2852 1194 2911 suspectum
1208 2853 1266 2906 est3

195 2939 244 2973 cur
259 2921 331 2974 enim
346 2933 439 2975 auctor
453 2921 592 2984 carminis,
607 2938 690 2991 quum
705 2919 827 2971 Mallium
840 2918 949 2973 nomine
959 2918 1135 2990 designasset,
1150 2918 1268 2973 Hadria·

195 3019 261 3052 num
284 3001 392 3053 nomine
411 3001 524 3073 patriam
544 3013 645 3052 tantum
668 2998 821 3069 designante
847 3011 874 3050 et
902 2997 936 3051 ad
956 3017 1049 3052 omnes
1073 2997 1268 3053 Alexandrinos

198 3082 362 3149 pertinente,
378 3079 558 3151 significaret?
574 3081 630 3132 Cur
638 3078 744 3130 Pharius
758 3096 856 3130 nomen
869 3078 1008 3148 proprium
1021 3096 1075 3132 esse
1089 3098 1144 3131 non
1159 3080 1268 3150 potest?

196 3159 292 3231 Jejuna
308 3178 370 3213 sane
389 3159 434 3213 illa
451 3172 490 3212 est
507 3158 614 3229 opinio,
632 3177 712 3228 quam
726 3157 850 3211 Barthius
868 3157 947 3222 fovit,
963 3176 1095 3229 quamque
1110 3171 1170 3228 post
1189 3159 1267 3213 illum

195 3257 288 3292 omnes
301 3240 356 3291 fere
371 3237 546 3311 adoptarunt,
560 3235 588 3289 id
604 3239 691 3309 ipsum
708 3255 763 3289 esse
776 3237 953 3308 epigramma,
967 3256 1021 3309 quo
1036 3235 1165 3291 Hadriani
1180 3238 1221 3291 ira
1236 3241 1266 3293 in

195 3316 372 3373 Claudianum
385 3319 419 3372 sit
431 3329 583 3388 provocata.
600 3317 638 3368 Ut
650 3318 721 3369 enim
734 3316 816 3369 fuerit
827 3315 1038 3382 crudelissimus,
1050 3329 1261 3390 potestatemque

194 3386 318 3452 hiabuerit
330 3399 359 3450 in
373 3398 494 3451 inimicos
506 3416 567 3449 suos
579 3394 716 3461 saeviendi,
730 3408 816 3448 tamen
831 3395 858 3448 in
870 3395 967 3449 amicos
982 3409 1008 3449 et
1020 3409 1146 3467 cognatos
1158 3399 1232 3468 ejus,
1245 3418 1260 3453 a

195 3496 250 3549 quo
261 3477 378 3530 carmine
388 3478 458 3529 malo
470 3477 546 3531 laesus
557 3476 649 3540 luerit,
659 3476 696 3528 its
707 3477 816 3546 grassmi
827 3494 882 3528 non
893 3477 993 3546 potuit,
1008 3489 1038 3529 ut
1048 3477 1112 3529 alios
1121 3469 1261 3532 tumentis

194 3569 315 3619 necaret,
331 3556 396 3609 alios
410 3556 439 3609 in
454 3557 563 3609 exilium
576 3556 685 3626 pelleret
698 3552 740 3615 (v.
757 3560 792 3618 ai
809 3552 881 3625 sq.),
895 3573 981 3625 neque
994 3554 1178 3609 crudelitatem
1195 3576 1260 3612 cnm

193 3635 325 3690 dementia
341 3637 377 3688 ita
392 3637 564 3707 conjungere,
575 3648 617 3699 ut,
631 3635 748 3688 multatis
759 3647 813 3687 tam
824 3632 967 3699 crudeliter
981 3635 1143 3701 insontibus,
1157 3639 1260 3690 auctori

194 3714 317 3769 carminis
332 3728 458 3786 parceret.
475 3715 542 3781 Quis
554 3735 637 3787 quum
654 3716 689 3767 ita
706 3714 775 3781 siut,
790 3726 896 3785 prestat
909 3715 936 3766 in
952 3712 1035 3768 dubio
1050 3735 1081 3769 ea
1093 3716 1260 3787 relinquere,

194 3813 275 3868 quarn
288 3812 318 3847 ea
331 3795 465 3865 prolerre,
476 3813 535 3865 quar
546 3795 598 3847 sibi
608 3806 769 3864 repugnant,
784 3813 944 3866 omnemque
958 3796 1171 3866 probabilitatem
1186 3814 1263 3851 exce.

193 3874 258 3929 dere
278 3872 409 3927 videntur.
432 3875 582 3945 Vulgarem·
598 3874 750 3944 opinionem
767 3875 905 3942 amplexus
922 3894 1029 3945 quoque
1046 3888 1085 3928 est
1100 3876 1259 3939 Gibbouus,

192 3955 293 4025 Anglus
304 3955 422 4020 illustris,
436 3954 463 4005 in
477 3954 546 4006 libro
559 3953 712 4007 doctissimo
726 3954 826 4004 Declirsc
839 3955 949 4019 ‹radfull
958 3958 990 4020 of
996 3956 1034 4006 tloe
1047 3957 1138 4006 Remea
1147 3957 1257 4025 Esurire.

235 4053 259 4089 ¹.
282 4035 321 4088 De
336 4035 416 4090 Civit.
434 4035 465 4086 l).
481 4033 520 4098 V,
535 4038 578 4087 26.
596 4066 634 4077 -
653 4054 677 4085 a.
693 4033 760 4096 vll,
777 4031 822 4085 35.
