2686 4808
126 383 150 426 x
329 362 397 428 DE
424 362 661 431 CLAUDIO
688 363 998 435 CLAUDIANO

475 541 640 607 Jovrunur
657 543 849 608 Pantanus.

179 704 306 771 Ponam
329 727 445 772 versus
467 702 594 798 aliquot
614 730 633 773 e
653 706 851 800 Proserpina
875 704 1049 775 Claudiani
1071 709 1199 795 Poetae,

126 821 198 876 tum
212 809 333 877 summi
348 807 485 903 quidem
500 808 617 896 studii,
631 825 703 879 turn
722 813 834 905 magni
850 813 949 881 etiam
965 815 1200 908 exercitatiqua

125 916 258 1009 ingenii.

502 1026 615 1092 Varro
631 1028 834 1093 testimonia.

180 1200 324 1293 Prosper
339 1200 555 1293 Aquitanicus
573 1202 607 1268 in
624 1201 785 1270 chronico
804 1200 971 1270 consulari
989 1218 1089 1271 vocat
1106 1202 1202 1272 Clau-

127 1302 263 1373 dianum
284 1321 432 1402 poetam
456 1306 687 1376 admuntione
716 1306 888 1403 dignum
918 1309 1136 1378 Cassiodorus
1167 1312 1202 1378 in

128 1409 292 1481 chronico
315 1411 376 1481 sub
395 1411 570 1482 consulatu
588 1414 724 1483 Probini
736 1428 772 1483 et
788 1413 918 1509 Olybrii
936 1419 1101 1509 insignem
1112 1439 1202 1510 poe-

130 1532 204 1589 tam
217 1517 371 1612 appellat.
386 1522 405 1588 J
408 1534 501 1589 ustus
516 1522 647 1614 Lipsius
665 1522 774 1590 daun
790 1536 827 1589 et
841 1527 1050 1606 auditorum
1064 1524 1083 1590 J
1085 1521 1201 1615 oseph.

130 1618 277 1721 Scaliger
301 1624 562 1696 eruditissimum
582 1642 619 1695 et
641 1633 813 1722 egregium
832 1618 1005 1713 cnrmme3
1027 1627 1204 1721 Philippus

129 1730 310 1800 Beroaldus
331 1733 535 1802 luculentum
540 1758 554 1819 ,·
571 1736 717 1802 Joannes
736 1735 862 1803 Pierius
876 1732 1090 1821 Valerianus,
1110 1735 1204 1802 laicu-

130 1837 369 1925 karissimum
379 1841 407 1907 J.
421 1842 456 1907 Β.
467 1840 562 1925 Pius,
575 1845 749 1935 utriusque
762 1842 890 1935 biegnae
903 1841 1203 1925 eoruultzaszinunu

130 1945 334 2032 Dumnuus,
354 1944 629 2031 desertissimum,
647 1946 1203 2038 Casaubonus,saem1daasimum;

131 2051 303 2137 Muretus,
321 2057 486 2147 optimum
509 2058 577 2122 ceci
597 2058 653 2122 sui
672 2057 817 2123 Poetam
826 2079 840 2139 ,·
858 2054 894 2120 P.
913 2053 1036 2138 Faber,
1053 2054 1204 2122 clarissi-

131 2181 242 2242 mum,
257 2158 449 2254 elegantem
468 2174 504 2227 et
511 2160 684 2254 politum
703 2159 942 2246 Buchananus,
960 2184 1089 2228 summo
1105 2163 1204 2253 inge-

130 2269 207 2351 nio,
225 2288 426 2360 summaque
443 2265 601 2334 doctam
627 2267 951 2353 Poetam51unius,
972 2263 1147 2336 recondito
1170 2281 1208 2333 et

31 2406 34 2413 v
133 2376 270 2440 inanime
288 2359 506 2467 vulgarizare
524 2371 704 2440 verbormn
727 2372 935 2467 gaudentem
941 2398 955 2456 ;
977 2375 1030 2440 Fr.
1052 2371 1205 2456 Medius,

131 2480 343 2573 ingeniosum
365 2493 399 2545 et
419 2492 565 2563 tersum3
584 2481 619 2546 Β.
643 2478 844 2562 Rhenanus,
865 2478 1106 2564 cultissimum
1121 2480 1205 2547 Viu-

71 2660 77 2671 ,
133 2584 261 2652 centius
279 2582 507 2672 Contarenus,
521 2588 668 2654 Poetam
683 2584 808 2655 bortum
828 2600 862 2653 et
876 2584 1044 2680 grandem
1053 2609 1067 2668 ,·
1087 2586 1206 2653 Hiero·

133 2714 253 2784 nyrnus
275 2689 444 2785 Caguolus
472 2688 723 2761 Jureconsultus
749 2688 900 2785 quaedam
922 2690 1096 2761 Claudiani
1122 2693 1206 2761 Car·

133 2801 229 2866 rutber-
250 2798 355 2866 Iaera
375 2802 489 2866 aureis
508 2799 639 2892 putavit
659 2797 885 2867 describenda.

188 2906 269 2973 Haec
292 2905 405 2972 omnia
426 2905 613 2973 testimonia
638 2904 810 2974 brevitatis
833 2928 933 2973 eausa
958 2904 1206 2998 congessimus5

135 3009 191 3078 sed
210 3010 266 3105 qui
282 3024 456 3104 sequentes
474 3026 627 3080 auctores
645 3011 753 3080 omitti
771 3006 916 3104 queant?

177 3197 302 3263 Petrus
320 3197 482 3280 Grauius,
503 3194 547 3263 de
563 3196 681 3263 Poetis
699 3195 817 3264 birds
826 3247 838 3280 ,
859 3192 915 3262 lib.
936 3196 981 3279 V,
1003 3142 1083 3289 cop.
1105 3190 1166 3264 85.

187 3369 238 3442 cl.
250 3372 471 3455 Claudianus,
482 3373 585 3440 Poeta
593 3367 885 3466 insignis,llrcadii
892 3383 927 3438 et
935 3368 1113 3438 Theodosii
1128 3383 1210 3437 tem-

136 3479 273 3574 poribus
295 3479 455 3548 «floruit.
473 3526 481 3542 ·
499 3479 677 3572 ..ingenio
700 3475 872 3546 excellenti
898 3474 977 3563 fuit,
999 3476 1209 3568 maximoque

137 3601 216 3681 apto
231 3584 274 3652 ad
290 3608 425 3656 carmen
443 3580 723 3679 componendum.
740 3583 829 3652 Nam
846 3596 881 3650 et
895 3583 1037 3676 assurgit
1053 3580 1210 3666 feliciter,

136 3692 300 3786 variisque
322 3691 437 3787 figuris
455 3715 494 3760 ac
513 3689 682 3761 sententiis
703 3680 841 3758 mirifice
862 3686 1025 3772 delectat;
1045 3701 1082 3756 ut
1097 3687 1203 3755 videa·

138 3814 194 3867 tur
212 3822 232 3866 a
252 3814 372 3867 natura
394 3800 464 3892 ipsa
482 3798 663 3867 instructus
680 3795 724 3865 ad
739 3797 905 3864 Poeticarn
925 3793 1128 3864 facultatem.
1141 3797 1210 3862 Ve-

138 3903 273 3975 risimile
294 3919 344 3975 est
364 3929 441 3974 eum
464 3907 582 3973 Romae
605 3903 661 3973 diu
688 3917 874 3988 versatum,
897 3900 1083 3995 multasque
1107 3898 1210 3969 ltaliae

139 4012 237 4082 urbes
254 4036 463 4108 peragrasse,
473 4009 564 4111 quod
578 4035 681 4104 quum
694 4009 758 4079 alia
773 4008 878 4079 multa
890 4021 1071 4095 testantur,
1085 4021 1155 4076 turn
1175 4007 1209 4074 lii
