2686 4808
128 381 149 443 6
458 370 869 441 PROLEGOMENA

16 545 20 557 ,
125 495 183 560 aevi
199 492 402 569 condendam
418 492 523 580 possit
536 489 734 570 redundare,
749 489 849 554 modo
866 490 1025 579 intelligas
1040 508 1197 558 ornatum

124 596 289 684 poeticum
320 593 491 660 detrahere
520 592 701 679 lucumque
729 592 908 656 oratorium
937 592 1136 682 abstergere,
1159 611 1200 659 ut

126 695 215 761 nuda
231 696 348 760 veritas
371 694 476 783 possit
494 715 658 781 apparere.
675 692 753 774 Quo
772 693 834 758 rite
851 694 953 774 facto,
972 695 1081 759 nescio
1098 719 1199 777 sans,

10 799 14 807 '
126 820 185 861 cur
205 797 354 877 Zosimo,
371 798 504 861 Zonaras
529 794 811 881 compilatoribus,
826 795 1011 882 jejunisque
1030 797 1198 861 annalium

125 894 456 969 consarcinatoribus,
472 911 506 959 et
519 894 667 982 patribus
682 895 824 960 eeclesiae
831 896 925 984 ipsis,
938 897 1060 984 quibus
1073 920 1111 964 es
1124 915 1200 965 tatr-

125 1012 197 1062 tum
208 997 340 1085 probari
353 997 516 1079 solebant,
529 1012 778 1084 memoratoque
792 995 890 1086 digna
900 997 1113 1079 videbantur,
1125 1023 1200 1087 quae

126 1098 274 1185 ipsorum
290 1097 577 1185 superstitionibus
593 1113 702 1163 essent
718 1098 980 1179 accommodata,
995 1101 1069 1188 plus
1086 1117 1201 1167 aucto·

127 1200 229 1264 ritatis
249 1200 427 1295 tribuatur,
444 1221 541 1286 quam
559 1199 747 1265 Claudiano.
770 1199 910 1265 Uberior
935 1217 1044 1266 sutem
1068 1201 1110 1269 de
1135 1201 1202 1267 fide

128 1292 297 1367 Claudiani
320 1299 498 1389 disputatio
523 1300 626 1367 aliena
645 1317 725 1365 esta
742 1317 854 1367 nostro
878 1303 1062 1389 proposito,
1082 1304 1139 1390 qui
1165 1303 1201 1369 id

127 1424 278 1489 agamus,
295 1416 334 1464 ut
356 1401 593 1481 constituatur,
618 1400 897 1488 quemadmodum
915 1403 968 1468 ille
986 1419 1090 1491 poetas
1114 1405 1202 1469 vices

127 1502 328 1583 defenderim
344 1502 386 1566 de
401 1501 454 1565 illa
473 1518 583 1567 autem
600 1503 736 1567 omnino
756 1518 859 1567 tacere
875 1503 1041 1569 noluimus
1054 1518 1204 1592 propter-

128 1627 186 1680 ea,
210 1620 249 1669 ut
273 1627 341 1669 non
363 1605 553 1694 ignorarent
572 1602 725 1685 juvenes,
743 1620 874 1691 poetam
896 1620 1047 1670 nostrum
1068 1606 1120 1671 vel
1135 1605 1203 1673 boo

130 1707 265 1772 nomine
283 1729 350 1772 non
366 1707 462 1794 plane
479 1727 549 1773 esse
565 1705 808 1794 negligendum.
825 1707 985 1793 Craterum
1002 1705 1204 1775 earnnnibus

131 1808 163 1871 in
187 1807 399 1872 Stilichonem
421 1806 549 1894 scriptis
571 1805 605 1870 id
630 1823 796 1871 assecutus
821 1823 870 1871 est
894 1807 1030 1889 Noster,
1053 1823 1092 1871 ut
1112 1807 1202 1873 illius

130 1910 321 1973 auctoritate
346 1924 478 1972 senatus
492 1929 647 1971 romanus
658 1908 719 1995 ipsi
729 1924 869 1973 statuam
882 1930 958 1972 cum
969 1908 1065 1973 titulo
1079 1908 1113 1971 in
1127 1908 1204 1976 toro

129 2010 316 2100 ponendam
342 2008 534 2091 decreverit,
555 2009 612 2095 qui
637 2008 799 2075 honoret
821 2008 883 2071 illis
906 2008 1107 2097 temporibus
1131 2031 1204 2077 non

129 2112 270 2200 vulgaris
284 2111 384 2175 luisse
398 2108 581 2175 censendus
597 2123 672 2175 esth
683 2108 805 2175 Eadem
820 2109 972 2174 facultate
981 2109 1108 2199 poetica
1117 2111 1205 2175 mul·

173 2309 199 2343 1.
218 2290 309 2342 Statua
324 2289 380 2360 ipsa
393 2308 449 2341 non
467 2288 580 2359 amplius
592 2299 688 2351 exstat,
702 2284 749 2338 sed
759 2286 867 2338 titulum
878 2289 934 2355 ejus
946 2286 975 2338 in
985 2285 1074 2339 tabula
1085 2305 1204 2338 manno·

131 2388 194 2433 rea,
215 2368 323 2421 intenta
340 2369 368 2420 in
387 2366 468 2420 domo
485 2367 627 2436 Pomponii
643 2366 729 2428 Leti,
748 2365 854 2417 fortuna
870 2366 993 2418 servarit.
1013 2366 1081 2419 Laeti
1094 2365 1160 2419 fides
1174 2366 1205 2419 in

132 2448 247 2501 dubium
257 2459 349 2501 vocata
360 2459 399 2500 est
409 2466 424 2499 a
436 2446 496 2498 viro
509 2445 589 2498 docto
600 2446 630 2496 in
644 2443 761 2498 Giornala
769 2444 810 2496 de'
821 2446 939 2497 labenti
951 2445 1069 2508 d'ltatta,
1085 2447 1119 2499 T.
1132 2447 1204 2512 xm,

132 2549 160 2600 p.
176 2533 240 2591 loo.
256 2530 299 2584 Cf.
314 2526 435 2581 nasoon
451 2544 512 2596 pag.
531 2528 565 2590 8,
581 2535 608 2577 et
621 2524 731 2579 Gruteri
742 2525 867 2596 Inscript.
881 2544 941 2597 pag.
957 2527 1029 2596 391,
1042 2526 1070 2581 ὅ.

423 2632 477 2689 CL.
498 2631 721 2687 etsuntsNO.
742 2633 777 2687 V.
799 2633 831 2686 C.
851 2632 914 2689 ΤΗΙ

301 2712 412 2766 BUNO.
438 2713 495 2765 ΕΤ.
523 2711 697 2765 NOTARIO.
724 2712 845 2767 INTER.
875 2711 1035 2767 CETERAS

311 2790 503 2844 VIGENTES.
525 2790 647 2845 ARTES.
668 2790 1026 2845 PRAEGLORIOSISSIMO

278 2871 489 2925 POETARUM.
521 2871 638 2924 LICET.
666 2873 722 2924 AD.
752 2872 962 2925 MEMORIAM.
989 2870 1060 2925 SEM

364 2949 559 3002 PITERNAM.
581 2951 755 3004 calttssrta.
776 2952 829 3004 ΑΒ.
850 2950 977 3004 EODEM
1134 2954 1143 2967 '

369 3029 528 3083 SCRIPTA.
549 3030 776 3085 SUFFICmNT.
797 3031 973 3085 ΑΒΤΑΜΕΝ

316 3108 538 3164 TESTIMONII.
559 3110 704 3163 enims.
727 3110 782 3163 OB.
803 3111 944 3164 IUDICII.
965 3110 1025 3163 SUI

282 3188 402 3240 Fluant.
424 3190 482 3241 ΠΙ).
504 3189 563 3241 ΝΝ.
586 3190 775 3244 ARCADIUS.
797 3190 852 3240 ET.
875 3189 1062 3243 llONOllIUS

310 3292 315 3321 ι
409 3267 630 3321 FELICISSlMl.
652 3270 707 3323 AC.
728 3268 936 3322 DOCTISSIMI

360 3346 621 3401 IMPERATORES.
643 3350 795 3403 SENATU.
816 3349 981 3402 PE‘I'ENTE
1071 3405 1073 3409 ,

329 3426 508 3480 STATVAM.
538 3428 585 3480 ΙΝ.
614 3428 720 3481 FORO.
748 3430 838 3480 DIVI.
866 3429 1014 3480 TRAIANl

371 3506 482 3558 ElllGl.
504 3506 744 3573 COLLOCARIQ.
766 3506 969 3561 IUSSERUNT

444 3591 500 3639 EIN
520 3592 578 3639 ENI
600 3593 783 3639 mammolo
802 3592 899 3639 Neon

482 3670 545 3718 titt
565 3670 704 3720 MOYCAN
724 3671 863 3718 ΟΜΗΡΟΥ

460 3750 681 3799 ΚΔΑΥΔΙΑΝΟΝ
702 3750 800 3798 ΡΩΜΗ
820 3748 880 3798 ttar

512 3829 667 3878 BACIAEIC
687 3830 828 3880 uetusti.

136 3928 174 3978 lle
188 3926 236 3979 hac
251 3927 424 4000 inscriptione
438 3928 562 3981 Heinsius
583 3929 611 3981 in
630 3930 684 3981 line
702 3929 865 4001 prelationis
882 3927 925 3983 ed.
945 3947 997 3982 sec.
1015 3930 1049 3982 ita
1067 3930 1206 4000 loquitur:

142 4032 152 4050 κ
164 4007 366 4079 Inscriptionem
379 4009 515 4080 antiquam
525 4009 558 4062 ab
570 4006 682 4063 Arcadio
692 4023 718 4063 et
730 4009 852 4065 Honorio
863 4011 951 4081 impp.
965 4011 1048 4081 sugg.
1064 4007 1207 4065 claudiani
