2686 4808
386 337 443 404 IN
472 335 546 404 CL.
577 322 958 402 CLAUDIANUM.
1160 335 1208 408 33

134 459 308 536 Barthius,
326 477 424 543 quern
442 469 573 518 secutus
590 469 640 518 est
655 453 818 519 Gesnerus
828 501 837 534 ,
848 454 1058 536 existimavit,
1075 457 1126 521 illa
1141 482 1212 523 car·

135 561 229 626 mina
252 558 359 647 primo
381 556 569 644 nuptiarum
590 553 674 617 dica
689 553 868 617 Claudiano
885 577 955 619 esse
973 557 1121 639 recitata,
1141 583 1212 646 quaa

137 685 244 750 quum
261 660 370 723 minus
384 657 579 746 placuissent
589 656 784 743 quibusdam
799 657 1033 739 severioribus,
1051 660 1161 744 illum,
1177 681 1215 729 ut

138 761 343 841 ostenderet,
356 783 392 824 se
404 782 500 848 posse
515 759 611 829 etiam
626 758 720 821 altius
731 756 886 843 quiddam
899 775 933 822 et
943 763 1070 848 gravius
1083 786 1215 846 canere,

137 864 281 953 septimo
297 862 351 927 die
366 861 510 926 attulisse
524 859 786 947 epithalamium,
799 859 890 946 quod
905 878 1019 925 nostro
1034 864 1150 930 ordine
1164 867 1217 932 dc·

138 966 266 1030 cimam
276 981 335 1028 est
346 964 468 1026 Verum
479 961 645 1025 enimvero
657 960 767 1023 omnia
777 960 846 1023 haec
858 961 1011 1026 nituntur
1019 964 1216 1048 conjectura,

137 1065 198 1130 cui
213 1086 324 1129 ausam
341 1062 504 1127 dederunt
519 1084 601 1125 vers.
621 1083 658 1146 9,
676 1083 765 1148 seqq.
783 1061 935 1125 carminis
957 1063 1135 1153 1x‚quam
1157 1093 1217 1134 nec

139 1167 320 1255 infringere
336 1188 398 1229 nee
413 1163 604 1228 confirmare
621 1185 728 1250 operae
741 1163 883 1250 pretium
899 1163 1037 1231 videtur.

188 1268 292 1332 Porro
306 1267 359 1330 illa
371 1266 528 1346 earmina,
542 1265 664 1352 quibus
675 1266 819 1354 praelusit
830 1266 1007 1346 majoribus
1018 1270 1216 1339 Claudianus

141 1391 269 1433 novum
283 1388 387 1457 genus
404 1367 628 1446 constituunt,
642 1367 676 1429 in
703 1390 845 1454 quorum
871 1371 1037 1435 nonnullis
1059 1374 1217 1453 ostendit,

142 1468 227 1558 quid
243 1484 393 1556 praestare
409 1467 586 1556 potuisset,
606 1467 633 1530 si
645 1467 752 1541 Musis
771 1484 916 1549 tantum,
940 1494 1007 1534 non
1021 1473 1169 1538 Honorio
1186 1494 1219 1540 et

142 1568 328 1651 stilichoni,
337 1568 642 1632 cecinissetForsan
652 1590 749 1631 suum
760 1567 917 1655 quodque
926 1576 1219 1656 carmenemajori-

142 1670 492 1760 busprtesatiunculam
500 1668 630 1748 habuit;
642 1668 700 1733 sed
710 1669 869 1756 quaedam,
877 1692 979 1756 quum
990 1673 1219 1764 colligerentur

143 1774 179 1837 iu
198 1794 303 1836 unum
320 1771 510 1835 fasciculum
527 1770 695 1834 Claudiani
713 1771 871 1846 earmina,
886 1772 952 1850 jam
970 1774 1219 1860 interciderant3

145 1890 187 1937 ut
205 1888 319 1937 contra
335 1871 483 1960 quaedam
503 1872 755 1960 praefatiunculae
771 1889 894 1936 exstare
907 1875 1075 1958 videntur,
1090 1902 1162 1966 quae
1178 1880 1220 1945 ad

144 1975 202 2039 illa
218 1997 377 2054 mrmrna,
396 1974 516 2061 quibus
534 1995 623 2037 nunc
643 1972 765 2061 praefigi
781 1975 900 2055 solent,
918 1976 1009 2039 nullo
1032 1980 1131 2043 modo
1148 2006 1222 2070 per·

144 2076 265 2141 tinent.
283 2077 422 2139 Carmen
434 2073 567 2162 quidem
579 2074 636 2154 lv,
653 2073 743 2161 quod
756 2074 787 2136 in
808 2075 916 2138 fronte
932 2077 1066 2140 secundi
1083 2081 1116 2142 in
1133 2082 1221 2145 Rufi·

147 2199 231 2241 num
241 2177 396 2241 carminis
411 2176 605 2240 collocatum
620 2174 782 2256 videmus,
796 2174 835 2238 ad
852 2175 916 2239 hoc
933 2177 1067 2241 minime
1082 2198 1222 2268 spectat,

148 2276 430 2365 quemadmodum
441 2277 507 2356 jam
525 2276 672 2340 Barthius
691 2291 778 2339 recte
791 2276 988 2360 observavit,
1001 2302 1109 2368 neque
1121 2285 1221 2373 magis

149 2377 298 2443 adalind
319 2377 542 2466 quodcunque
559 2400 689 2458 eorum,
708 2400 780 2464 quae
797 2393 920 2441 servata
938 2397 1026 2444 sunt.
1046 2383 1139 2466 Quo,
1160 2386 1223 2449 nisi

151 2480 260 2543 omnia
271 2502 331 2544 nos
348 2479 480 2560 fallunt,
493 2483 522 2542 ci
542 2479 676 2542 carmini
690 2479 865 2567 praelusum
878 2496 940 2559 est,
954 2481 1043 2567 quod
1054 2486 1223 2551 victoriam

154 2579 194 2643 de
213 2580 300 2645 Getis
319 2603 338 2644 a
356 2580 534 2644 Stilichone
555 2580 589 2642 'm
608 2579 728 2643 Graecia
743 2576 944 2668 'reportatam
967 2584 1164 2661 celebrabat,
1183 2589 1225 2652 ad

158 2704 251 2769 quam
263 2705 331 2745 non
345 2704 414 2744 uno
428 2681 459 2743 in
473 2680 546 2744 loco
558 2679 754 2743 Claudianus
772 2680 895 2746 alludit.
910 2682 977 2746 Nec
993 2686 1147 2752 credibile
1158 2706 1224 2772 cst,

160 2799 299 2869 poetam,
316 2783 373 2870 qui
398 2782 499 2845 victos
523 2780 563 2844 ad
584 2781 775 2844 Pollentiam
801 2781 957 2846 barbaros
979 2787 1111 2868 cecinit,
1138 2790 1225 2854 illam

166 2883 274 2948 cladem
292 2884 381 2949 Getis
401 2883 518 2946 illatam
536 2884 664 2946 silentio
678 2882 934 2970 praetermisisse,
952 2907 1055 2972 quum
1073 2904 1138 2952 tam
1155 2915 1225 2954 am·

93 3055 100 3079 ¹
167 2982 240 3070 plain
259 2982 412 3048 laudandi
435 2984 621 3047 Stilichonis
648 2985 814 3047 materiam
836 2985 979 3072 praebere
1000 2990 1169 3075 potuisset,
1187 2994 1225 3056 In

170 3081 221 3149 hoc
231 3086 339 3150 Musas
356 3086 501 3162 invocat,
515 3100 547 3148 et
560 3085 739 3171 Apollinem
755 3085 878 3171 ipsum,
893 3102 931 3148 ut
940 3109 1005 3149 suae
1016 3087 1101 3151 sedis
1113 3090 1225 3155 defen·

93 3188 102 3235 ἕ
174 3205 261 3250 sorem
290 3202 467 3266 coronent,
492 3184 611 3248 deinde
638 3201 867 3274 argumentum
901 3190 1051 3252 carminis
1080 3193 1226 3272 majoris,

93 3284 103 3312 ³
176 3286 245 3369 quod
274 3285 415 3351 subinde
442 3287 633 3349 recitaturus
657 3301 722 3366 cst,
750 3288 922 3375 proponit,
949 3290 1229 3381 Stilichoncmque

93 3441 97 3469 2
177 3403 265 3474 rogat,
285 3403 324 3452 ut
346 3388 475 3450 canenti
500 3388 561 3450 sibi
584 3409 678 3450 annes
698 3387 849 3475 praebeat.
872 3389 985 3453 Sermo
1007 3415 1109 3479 purus
1129 3414 1230 3461 estet

92 3541 98 3558 ‚
177 3505 319 3578 comptus,
333 3510 441 3575 neque
456 3504 585 3568 ornatu,
596 3511 704 3574 neque
718 3488 865 3551 doctrina
876 3490 1048 3574 molestus,
1061 3513 1173 3559 senten
1179 3497 1230 3560 tiae

92 3623 96 3632 ·
177 3607 227 3652 uon
235 3590 526 3681 operosequaesitae,
534 3589 590 3652 sed
600 3590 640 3652 ab
650 3590 718 3677 ipsa
727 3613 762 3651 re
772 3607 938 3679 suggestae.
948 3592 1083 3680 Propter
1091 3597 1229 3661 nimium

92 3702 97 3767 ζ
176 3701 321 3755 umorem
342 3692 450 3754 minus
467 3691 571 3777 placet
590 3712 719 3753 carmen
742 3690 791 3770 ll,
816 3690 905 3776 quod
925 3693 1032 3755 forsan
1054 3694 1230 3784 interpola·

92 3774 97 3871 ζ
174 3787 247 3857 tione
260 3793 396 3857 laborat.
412 3791 595 3855 iucundam
611 3813 742 3877 quoque
757 3791 1002 3856 similitudinem
1017 3797 1230 3882 continetVI‚

92 3942 94 3951 ·
172 3894 258 3959 modo
266 3894 479 3974 obliviscaris,
495 3893 593 3956 deum
607 3893 698 3955 illum
712 3893 895 3956 Honoriunt
908 3894 1022 3976 luisse,
1034 3900 1210 3983 pucrulum
1224 3950 1234 3981 ,

170 3993 371 4059 undecimum
383 3994 436 4056 vix
448 3994 548 4057 aetatis
560 4016 683 4056 annum
699 4012 858 4082 agentem.
879 3996 1025 4084 Dignitas
1037 4021 1113 4062 curn
1127 4004 1234 4065 suavi-

213 4113 240 4177 I.
1001 4107 1021 4175 3
