2686 4808
322 365 378 432 ut
406 363 480 430 ca.
510 362 888 431 caramerum.
1090 367 1135 464 37

60 483 185 561 quain
202 483 362 570 templum
376 482 500 545 Cereris
515 481 687 547 Eleusinia
703 480 827 547 delatus
844 484 905 547 sibi
921 483 1066 571 videtur,
1084 489 1140 553 iis·

66 598 140 662 que
162 585 257 648 sacris
283 584 456 663 interesse,
474 583 508 644 in
533 582 652 669 quibus
676 582 804 646 actione
820 584 959 670 quadam
982 587 1084 651 oculis
1104 612 1141 652 ea

66 687 433 775 proponebantur,quae
443 700 672 774 argumentum
683 685 835 748 carminis
846 687 1060 752 constituunt.
1071 692 1140 755 Jarn

66 778 138 849 sibi
151 787 311 869 redditus,
329 809 517 873 quanquam
538 801 646 849 mente
671 785 780 850 adhuc
798 804 983 870 commota,
1002 789 1140 856 deorum

64 880 248 953 inferorum
267 889 396 952 veniam
413 903 580 975 precatur,
595 904 633 951 ut
646 888 724 968 sibi,
743 911 816 975 quae
833 888 966 972 viderit,
982 914 1057 954 curn
1071 893 1140 958 aliis

61 982 162 1053 liceat
171 989 423 1054 communicare.
440 990 511 1052 Hoc
524 989 763 1070 enthusiasmo,
776 1013 844 1077 quo
856 1008 951 1078 poeta
968 995 1140 1060 consilium

59 1101 167 1177 atque
186 1106 416 1181 argumentum
435 1089 585 1153 carminis
603 1091 774 1180 proponit,
792 1092 921 1158 lectoris
938 1096 1065 1161 animus
1082 1121 1141 1162 ne·

59 1209 159 1258 case
181 1208 232 1258 est
242 1193 453 1257 vehementer
469 1207 732 1272 commoveatur,
758 1195 1020 1285 exspectatioque
1039 1199 1142 1264 inten-

57 1288 184 1376 datur,
200 1317 299 1382 quam
316 1292 435 1357 deinde
450 1315 492 1357 ne
509 1292 665 1357 destituat
679 1294 820 1356 narratio
834 1295 919 1382 ipsa,
937 1297 1031 1361 ctiam
1044 1316 1141 1387 atque

58 1394 165 1459 etiam
190 1394 371 1459 cavendum
397 1411 455 1458 est.
479 1394 601 1457 Verum
624 1416 831 1481 nequaquam
858 1396 911 1459 illa
935 1400 1143 1465 iinrstrabitur

60 1493 223 1582 lectores,
237 1500 265 1563 si
277 1520 386 1561 rerum
403 1497 561 1584 expositio
577 1497 621 1559 ita
635 1511 684 1559 est
700 1512 892 1584 temperata,
908 1514 947 1562 ut
959 1499 1143 1567 admiratio·

61 1613 145 1664 nem
172 1617 318 1679 moveat,
350 1613 526 1679 sustentet,
553 1599 672 1662 sensim
698 1615 828 1688 augeat,
856 1601 1002 1667 animum
1027 1629 1084 1694 spe
1111 1626 1143 1673 et

62 1695 187 1766 timore
206 1723 401 1788 suspensum
424 1715 547 1781 teneat,
570 1722 719 1786 novaque
742 1722 870 1789 semper
889 1705 1053 1792 voluptate
1067 1730 1142 1794 per·

62 1803 225 1883 mulceat,
239 1801 364 1866 etiamsi
374 1802 532 1887 impetus,
547 1823 614 1887 quo
630 1822 714 1887 opus
730 1816 778 1862 est
794 1802 989 1891 incoeptum,
1004 1806 1036 1868 in
1054 1807 1144 1871 seda·

67 1896 187 1969 tiorem
202 1903 395 1967 narrationis
409 1901 575 1981 habitum,
590 1901 688 1964 rebus
700 1902 899 1988 exponendis
912 1923 1025 1993 aptum
1035 1957 1043 1988 ,
1054 1908 1142 1972 abie-

61 1998 129 2067 l'it
145 2006 334 2094 Cogitemus
356 2004 456 2092 igitur
474 2019 603 2091 poetam
622 2003 794 2089 repentino
817 2007 962 2069 numinis
985 2009 1142 2074 instinctu

60 2110 181 2172 ¹haute
199 2107 297 2170 solita
313 2121 481 2184 emotum,
499 2105 659 2190 novisque
673 2126 782 2164 rerum
795 2105 1006 2194 imaginihus,
1024 2132 1097 2196 quae
1113 2110 1144 2173 ei

52 2199 142 2271 ³²⁴liu
161 2223 235 2297 post
257 2207 333 2270 alias
359 2206 589 2285 suboriuntur,
617 2219 804 2291 stupentem
833 2222 865 2269 et
891 2208 1142 2294 conturbatum,

49 2310 182 2374 ¹‘strum
215 2331 373 2373 novarum
407 2305 617 2370 multitudine
645 2321 678 2368 et
709 2305 795 2368 mole
822 2306 918 2393 plane
951 2327 1143 2393 oneratum,

46 2412 367 2498 conditionemque
391 2431 484 2472 suam
508 2407 543 2470 in
569 2408 759 2470 universum
781 2422 909 2471 tantum
929 2409 1144 2495 indicantem,

41 2512 266 2602 potioraque
291 2514 394 2600 capita
415 2533 530 2574 eorum
553 2508 809 2598 significantem,
835 2533 908 2598 quae
929 2530 1004 2577 ante
1030 2517 1144 2581 oculos

36 2613 252 2680 *creantur
272 2614 438 2693 Narratio,
455 2634 526 2698 quae
551 2611 715 2698 sequitur,
731 2610 834 2674 videri
849 2628 958 2700 potest
976 2616 1063 2698 ejus,
1086 2619 1144 2705 qui

36 2717 261 2806 ¹‘eripuerim
288 2715 442 2801 aliisque,
470 2736 542 2800 quae
570 2711 708 2791 viderit,
734 2713 844 2776 animo
870 2737 984 2780 rursus
1011 2742 1145 2809 compo·

35 2811 136 2882 ⁸ito
164 2832 198 2881 et
227 2817 340 2905 quieto
368 2814 569 2902 exponentis.
599 2816 690 2877 Hanc
719 2815 878 2879 rationem
912 2836 1042 2885 secutus
1075 2846 1145 2888 csse

36 2919 203 2987 videtur
228 2922 315 2984 inter
339 2918 640 3000 aliosWielandus,
666 2919 700 2980 iu
730 2920 872 2983 carmine
890 2922 1012 2986 Oberon
1030 2925 1146 2989 inscri-

39 3029 149 3107 pto,
174 3046 273 3111 quem
295 3043 393 3084 nemo
416 3043 528 3100 sanus,
548 3021 609 3083 nisi
629 3023 686 3108 qui
705 3037 852 3085 veterum
877 3026 1029 3115 exemplis
1050 3052 1144 3116 pror·

50 3137 131 3187 Sus
145 3121 436 3212 acquiescendum,
454 3122 645 3208 Horatiiquc
661 3139 858 3211 praeceptum
876 3149 1005 3215 semper
1023 3146 1055 3191 et
1071 3132 1145 3194 ubi-

58 3242 142 3309 que
157 3224 359 3314 sequendum
375 3239 486 3312 putat,
499 3225 585 3286 nulla
607 3246 715 3287 rerum
739 3241 860 3288 natura>
882 3228 1007 3290 ratione
1021 3229 1145 3315 habita,

65 3317 143 3389 hoc
156 3327 290 3389 nomine
307 3325 510 3411 vituperabit.
530 3326 611 3406 Quae
627 3325 759 3412 quidem
777 3342 900 3390 veteres
918 3329 950 3390 in
971 3332 1095 3397 ratione
1114 3352 1147 3398 et

79 3419 245 3514 disciplina
260 3425 387 3514 pulchri
404 3425 616 3489 instituerunt
633 3442 730 3513 atque
744 3446 936 3508 sanxerunt,
952 3433 1146 3524 plerumque

92 3542 158 3587 suut
176 3526 352 3606 ejusmodi,
370 3541 408 3588 ut
425 3526 526 3612 ipsius
545 3543 667 3589 naturae
686 3527 820 3607 dictata,
838 3553 855 3590 a
879 3532 998 3616 quibus
1017 3558 1084 3600 non
1105 3541 1146 3602 sit

99 3627 314 3708 recedendum,
332 3628 504 3691 existimari
525 3628 683 3708 debeant,
700 3631 916 3715 quorumdam
936 3651 1044 3700 autem
1066 3643 1147 3707 ratio

105 3742 129 3783 tt
140 3744 195 3808 est,
211 3745 248 3791 ut
264 3729 358 3792 certis
375 3745 502 3790 tantum
518 3729 615 3791 rebus
629 3728 777 3792 adstricta
795 3755 960 3819 perperam
979 3738 1018 3800 ad
1037 3746 1147 3808 omnia

107 3845 281 3919 quecunque
304 3832 546 3894 transferantur.
571 3830 857 3912 Quemadmodum
876 3857 974 3900 nemo
998 3846 1145 3929 negabit,

106 3942 201 3995 veteres
223 3935 256 3995 in
273 3933 410 4021 pulchro
434 3949 466 3995 et
478 3950 617 3995 venusto
637 3933 844 4013 dijudicando
868 3937 940 4021 plus
961 3942 1096 4027 vidisse,
1115 3967 1147 4012 et

104 4032 216 4097 sensisse
231 4036 373 4114 acutius,
390 4058 486 4120 quam
500 4059 577 4115 nos,
596 4036 652 4121 qni
665 4059 680 4096 a
694 4051 815 4099 mrtunc
827 4037 1030 4125 simplicitate
1043 4072 1147 4112 remo·

920 4138 961 4217 ,J
