2686 4808
1090 354 1141 400 vn

67 454 1145 498 fflfflmmmm

76 691 451 799 univorsis
485 691 687 801 Novi
722 690 1132 798 pnnrnrro.

355 929 861 966 ψ

71 1074 200 1228 Quae
218 1123 334 1212 fuerit,
355 1123 390 1191 in
414 1123 478 1192 hac
502 1122 646 1192 editione
666 1120 859 1210 Claudiani,
885 1123 951 1191 mei
978 1122 1142 1218 propositi

68 1244 174 1332 ratio,
192 1256 225 1311 et
251 1242 370 1336 quibus
388 1240 521 1336 adjutus
545 1240 672 1311 auxiliis
692 1241 819 1311 adhoc
840 1266 925 1337 opus
946 1239 1141 1338 aggredien-

68 1361 151 1430 dum
163 1333 394 1448 accesserim,
421 1359 578 1432 lectorem
599 1361 744 1431 breviter
769 1361 1004 1456 praemonitum
1028 1358 1139 1431 velim.

70 1483 187 1569 Quum
205 1481 240 1548 in
258 1480 530 1575 interpretrandis
545 1478 810 1576 illustrandisquc
828 1482 934 1551 nostri
951 1495 1058 1576 poetae
1073 1505 1141 1550 car·
1193 1574 1196 1579 ι

70 1597 215 1669 minibus
240 1598 374 1694 plurimi
404 1614 683 1671 commentatores
701 1601 771 1694 jam
793 1624 929 1695 operam
952 1598 1140 1670 collocave·
1194 1584 1197 1593 ¹

70 1719 156 1805 rint,
172 1718 253 1786 mihi
267 1719 435 1814 praecipua
450 1743 531 1789 cura
549 1718 612 1788 fuit
624 1721 711 1789 inter
728 1734 779 1788 tot
796 1719 972 1789 doctorum
990 1720 1140 1789 virorum
1233 1800 1236 1805 Α

69 1835 354 1926 elucubrationes,
365 1836 399 1906 id
416 1839 624 1932 potissimum
647 1837 808 1934 eligendi,
827 1839 917 1935 quod
935 1863 1016 1909 sano
1035 1864 1070 1909 se
1084 1839 1140 1932 ju·

70 1953 161 2022 dicio
190 1969 225 2023 et
254 1952 362 2023 lucida
391 1955 662 2051 interpretatione
689 1958 948 2028 commendaret.
975 1958 1138 2052 Equidem

66 2073 140 2168 jam
163 2074 197 2142 in
217 2088 310 2143 textu
333 2074 536 2145 restituendo
559 2089 592 2144 et
610 2075 849 2145 concinnandis
870 2075 1140 2145 adnotationibus

70 2190 213 2263 feliciter
230 2191 464 2262 laboraverant
481 2194 651 2306 Heinsius,
660 2196 879 2311 Bupnannus
861 2244 891 2281 ‚
907 2206 941 2268 et
952 2191 1040 2323 ⁴hope
1061 2192 1142 2263 mul·
1229 2254 1234 2263 .

72 2314 100 2382 ti
123 2310 176 2381 alii
186 2337 303 2408 ,quos
327 2315 431 2402 inter,
445 2284 617 2381 Bartbiuni
636 2287 682 2382 ἐι
676 2288 896 2387 Gesiteruiir
890 2296 1041 2402 obritiae
1035 2336 1071 2380 re
1090 2325 1142 2381 sat

73 2434 147 2502 erit
164 2433 209 2502 At
226 2458 267 2501 ex
286 2432 531 2528 omnibusque
553 2431 596 2501 ad
614 2428 710 2529 burlo’
714 2430 815 2539 ςιιιιΰιι
805 2430 1025 2543 ιιιιιιιιιιιιιιιι
1045 2428 1141 2500 Clau·

73 2553 164 2620 diarii
185 2552 401 2638 editionibus,
424 2577 462 2622 ea
491 2552 586 2622 nobis
610 2542 854 2660 praeponenda
859 2551 938 2641 ‘vis'a
953 2565 1140 2644 cst,qun1u

75 2674 119 2741 G.
138 2675 176 2740 L
195 2675 334 2743 Konna
342 2673 490 2768 ,Lipsiae
507 2669 733 2767 publicavit,
720 2692 821 2752 anuo
828 2669 936 2759 idoli.
953 2667 1012 2737 ille
1030 2671 1140 2759 enim,

77 2804 193 2884 utpote
209 2792 390 2875 recentior,
405 2806 476 2860 tum
492 2792 625 2886 proprie
639 2790 761 2885 ingenii
773 2789 925 2857 acumine
940 2788 1024 2855 benc
1037 2787 1142 2857 multo

79 2909 269 2980 dilucidavit
285 2926 318 2979 et
333 2900 505 3005 explicuit,
524 2926 595 2980 tum
611 2911 637 2979 si
650 2909 729 3003 quid
743 2904 776 2977 in
790 2907 956 3004 prioribus
972 2932 1142 2978 commen·

81 3032 168 3099 tariis
190 3031 296 3098 inerat
316 3028 413 3117 boni,
435 3029 501 3099 hoc
520 3030 585 3099 sibi
606 3029 787 3098 vindicavit
805 3053 969 3122 suumque
991 3027 1080 3097 fecit.

133 3150 220 3217 Huic
238 3150 341 3244 priori
355 3146 514 3217 volumini
532 3147 668 3244 praefixa
684 3161 763 3216 suut
780 3147 966 3216 testimonia
985 3145 1026 3215 ιιι
1041 3145 1141 3214 Cla'u·

82 3267 198 3354 diano,
227 3280 261 3335 et
288 3266 548 3361 Prolegomena,
576 3270 610 3335 ιιι
638 3266 758 3362 quibus
797 3264 885 3333 idern
916 3264 969 3333 ille
1003 3267 1143 3337 Kornrc

82 3386 178 3455 docte
191 3401 225 3456 et
239 3385 406 3482 eleganter
426 3387 579 3457 disseruit
601 3387 642 3455 de
663 3383 837 3456 Claudiani
855 3385 941 3470 vita,
957 3385 1090 3477 ingenio
1110 3400 1145 3454 et

82 3504 235 3575 facultate
261 3505 416 3600 poetica,
433 3505 475 3575 de
496 3505 661 3575 scribendi
681 3528 802 3599 genere
827 3529 893 3598 quo
919 3528 997 3572 usus
1018 3520 1086 3592 est,
1104 3530 1144 3575 ac

82 3625 218 3694 delatis
243 3651 315 3719 quae
337 3639 435 3695 nacta
457 3640 535 3693 sunt
560 3625 630 3718 ejus
655 3623 824 3705 carmina,
851 3647 994 3715 quorum
1022 3649 1146 3693 uuum-

83 3744 236 3838 quodque
257 3744 376 3838 insigni
398 3744 575 3837 sagacitate
594 3743 726 3836 dispicit
748 3765 787 3809 ac
809 3741 991 3835 perpendit.

134 3865 249 3951 Quum
271 3877 381 3931 autern
400 3861 574 3930 Claudiani
591 3863 737 3931 carmina
757 3858 953 3957 plerumque
972 3874 1147 3929 versentur

82 3986 113 4051 in
143 3982 313 4053 laudandis
342 3982 631 4078 vituperandisquc
660 3985 904 4076 Imperatorum
934 3981 1148 4074 virorumque
