<?xml version="1.0" encoding="UTF-8"?>
<!DOCTYPE html PUBLIC "-//W3C//DTD XHTML 1.0 Transitional//EN"
    "http://www.w3.org/TR/xhtml1/DTD/xhtml1-transitional.dtd">
<html xmlns="http://www.w3.org/1999/xhtml" xml:lang="en" lang="en">
 <head>
  <title>
</title>
<meta http-equiv="Content-Type" content="text/html;charset=utf-8" />
  <meta name='ocr-system' content='tesseract 3.04.00' />
  <meta name='ocr-capabilities' content='ocr_page ocr_carea ocr_par ocr_line ocrx_word'/>
</head>
<body>
  <div class='ocr_page' id='page_1' title='image "bibliothecaclas77lemagoog_0046.png"; bbox 0 0 2684 4808; ppageno 0'>
   <div class='ocr_carea' id='block_1_1' title="bbox 370 347 1178 442">
    <p class='ocr_par' dir='ltr' id='par_1_1' title="bbox 370 347 1178 442">
     <span class='ocr_line' id='line_1_1' title="bbox 370 347 1178 442; baseline 0.001 -28"><span class='ocrx_word' id='word_1_1' title='bbox 370 347 426 417; x_wconf 88' lang='lat' dir='ltr'>IN</span> <span class='ocrx_word' id='word_1_2' title='bbox 453 347 527 415; x_wconf 85' lang='lat' dir='ltr'>CL.</span> <span class='ocrx_word' id='word_1_3' title='bbox 557 347 934 415; x_wconf 83' lang='lat' dir='ltr'><strong>CLAUDIANUM.</strong></span> <span class='ocrx_word' id='word_1_4' title='bbox 1137 373 1178 442; x_wconf 81' lang='lat'>17</span> 
     </span>
    </p>
   </div>
   <div class='ocr_carea' id='block_1_2' title="bbox 131 463 1199 3665">
    <p class='ocr_par' dir='ltr' id='par_1_2' title="bbox 131 463 1199 3665">
     <span class='ocr_line' id='line_1_2' title="bbox 152 463 1182 556; baseline -0.001 -26"><span class='ocrx_word' id='word_1_5' title='bbox 152 467 281 556; x_wconf 76' lang='lat' dir='ltr'>precipue</span> <span class='ocrx_word' id='word_1_6' title='bbox 296 464 376 530; x_wconf 89' lang='lat' dir='ltr'>inde</span> <span class='ocrx_word' id='word_1_7' title='bbox 394 463 599 545; x_wconf 86' lang='lat' dir='ltr'>estfactum,</span> <span class='ocrx_word' id='word_1_8' title='bbox 616 463 706 550; x_wconf 92' lang='lat' dir='ltr'>quod</span> <span class='ocrx_word' id='word_1_9' title='bbox 722 464 775 527; x_wconf 92' lang='lat' dir='ltr'>illa</span> <span class='ocrx_word' id='word_1_10' title='bbox 793 465 956 546; x_wconf 91' lang='lat' dir='ltr'>carmina,</span> <span class='ocrx_word' id='word_1_11' title='bbox 974 486 1012 527; x_wconf 89' lang='lat' dir='ltr'>ex</span> <span class='ocrx_word' id='word_1_12' title='bbox 1028 468 1182 529; x_wconf 90' lang='lat' dir='ltr'>orationi-</span> 
     </span>
     <span class='ocr_line' id='line_1_3' title="bbox 153 565 1185 658; baseline 0.003 -31"><span class='ocrx_word' id='word_1_13' title='bbox 153 565 200 629; x_wconf 88' lang='lat' dir='ltr'>bus</span> <span class='ocrx_word' id='word_1_14' title='bbox 207 567 393 658; x_wconf 74' lang='lat' dir='ltr'>panegyricis</span> <span class='ocrx_word' id='word_1_15' title='bbox 403 581 492 641; x_wconf 84' lang='lat' dir='ltr'>nata,</span> <span class='ocrx_word' id='word_1_16' title='bbox 502 581 650 629; x_wconf 89' lang='lat' dir='ltr'>naturam</span> <span class='ocrx_word' id='word_1_17' title='bbox 663 565 796 653; x_wconf 82' lang='lat' dir='ltr'>originis</span> <span class='ocrx_word' id='word_1_18' title='bbox 806 588 872 629; x_wconf 88' lang='lat' dir='ltr'>suae</span> <span class='ocrx_word' id='word_1_19' title='bbox 885 582 1061 631; x_wconf 87' lang='lat' dir='ltr'>traxerunt.</span> <span class='ocrx_word' id='word_1_20' title='bbox 1073 568 1185 631; x_wconf 88' lang='lat' dir='ltr'>Sermo</span> 
     </span>
     <span class='ocr_line' id='line_1_4' title="bbox 152 666 1187 756; baseline 0.003 -27"><span class='ocrx_word' id='word_1_21' title='bbox 152 668 217 731; x_wconf 84' lang='lat' dir='ltr'>eninr</span> <span class='ocrx_word' id='word_1_22' title='bbox 235 670 373 750; x_wconf 88' lang='lat' dir='ltr'>solutus,</span> <span class='ocrx_word' id='word_1_23' title='bbox 397 689 534 731; x_wconf 91' lang='lat' dir='ltr'>numero</span> <span class='ocrx_word' id='word_1_24' title='bbox 556 667 685 755; x_wconf 89' lang='lat' dir='ltr'>poetico</span> <span class='ocrx_word' id='word_1_25' title='bbox 706 666 870 750; x_wconf 88' lang='lat' dir='ltr'>adhibito,</span> <span class='ocrx_word' id='word_1_26' title='bbox 891 668 1187 756; x_wconf 86' lang='lat' dir='ltr'>comparationibus</span> 
     </span>
     <span class='ocr_line' id='line_1_5' title="bbox 152 765 1189 858; baseline 0.006 -30"><span class='ocrx_word' id='word_1_27' title='bbox 152 781 179 828; x_wconf 88' lang='lat' dir='ltr'>et</span> <span class='ocrx_word' id='word_1_28' title='bbox 193 768 370 858; x_wconf 80' lang='lat' dir='ltr'>imaginibus</span> <span class='ocrx_word' id='word_1_29' title='bbox 392 766 536 831; x_wconf 89' lang='lat' dir='ltr'>crebrius</span> <span class='ocrx_word' id='word_1_30' title='bbox 557 765 717 849; x_wconf 89' lang='lat' dir='ltr'>inductis,</span> <span class='ocrx_word' id='word_1_31' title='bbox 738 767 772 830; x_wconf 94' lang='lat' dir='ltr'>in</span> <span class='ocrx_word' id='word_1_32' title='bbox 789 768 973 856; x_wconf 89' lang='lat' dir='ltr'>poeticum,</span> <span class='ocrx_word' id='word_1_33' title='bbox 990 792 1008 832; x_wconf 88' lang='lat' dir='ltr'>a</span> <span class='ocrx_word' id='word_1_34' title='bbox 1026 793 1093 857; x_wconf 91' lang='lat' dir='ltr'>quo</span> <span class='ocrx_word' id='word_1_35' title='bbox 1110 786 1189 835; x_wconf 88' lang='lat' dir='ltr'>tunc</span> 
     </span>
     <span class='ocr_line' id='line_1_6' title="bbox 153 863 1189 957; baseline 0.007 -29"><span class='ocrx_word' id='word_1_36' title='bbox 153 869 277 956; x_wconf 80' lang='lat' dir='ltr'>temporis</span> <span class='ocrx_word' id='word_1_37' title='bbox 286 868 321 932; x_wconf 88' lang='lat' dir='ltr'>in</span> <span class='ocrx_word' id='word_1_38' title='bbox 330 866 553 948; x_wconf 89' lang='lat' dir='ltr'>orationibus,</span> <span class='ocrx_word' id='word_1_39' title='bbox 565 866 591 930; x_wconf 89' lang='lat' dir='ltr'>si</span> <span class='ocrx_word' id='word_1_40' title='bbox 603 863 777 931; x_wconf 90' lang='lat' dir='ltr'>numerum</span> <span class='ocrx_word' id='word_1_41' title='bbox 787 868 925 957; x_wconf 83' lang='lat' dir='ltr'>excipias</span> <span class='ocrx_word' id='word_1_42' title='bbox 934 869 1038 950; x_wconf 88' lang='lat' dir='ltr'>,haud</span> <span class='ocrx_word' id='word_1_43' title='bbox 1049 871 1189 935; x_wconf 90' lang='lat' dir='ltr'>multum</span> 
     </span>
     <span class='ocr_line' id='line_1_7' title="bbox 153 964 1191 1058; baseline 0.008 -31"><span class='ocrx_word' id='word_1_44' title='bbox 153 964 489 1051; x_wconf 84' lang='lat' dir='ltr'>abhorrebat,mutatus</span> <span class='ocrx_word' id='word_1_45' title='bbox 499 966 785 1055; x_wconf 88' lang='lat' dir='ltr'>est;libertateque</span> <span class='ocrx_word' id='word_1_46' title='bbox 794 986 968 1058; x_wconf 87' lang='lat' dir='ltr'>assumpta,</span> <span class='ocrx_word' id='word_1_47' title='bbox 979 969 1083 1057; x_wconf 90' lang='lat' dir='ltr'>quain</span> <span class='ocrx_word' id='word_1_48' title='bbox 1093 971 1191 1035; x_wconf 84' lang='lat' dir='ltr'>rebus</span> 
     </span>
     <span class='ocr_line' id='line_1_8' title="bbox 153 1067 1192 1159; baseline 0.002 -27"><span class='ocrx_word' id='word_1_49' title='bbox 153 1069 323 1156; x_wconf 77' lang='lat' dir='ltr'>exponendis</span> <span class='ocrx_word' id='word_1_50' title='bbox 336 1083 439 1159; x_wconf 81' lang='lat' dir='ltr'>poetae</span> <span class='ocrx_word' id='word_1_51' title='bbox 449 1068 509 1131; x_wconf 87' lang='lat' dir='ltr'>soli</span> <span class='ocrx_word' id='word_1_52' title='bbox 523 1067 573 1131; x_wconf 91' lang='lat' dir='ltr'>uti</span> <span class='ocrx_word' id='word_1_53' title='bbox 587 1084 742 1155; x_wconf 88' lang='lat' dir='ltr'>possunt,</span> <span class='ocrx_word' id='word_1_54' title='bbox 754 1068 876 1157; x_wconf 88' lang='lat' dir='ltr'>species</span> <span class='ocrx_word' id='word_1_55' title='bbox 891 1067 1023 1157; x_wconf 88' lang='lat' dir='ltr'>quidem</span> <span class='ocrx_word' id='word_1_56' title='bbox 1040 1071 1192 1135; x_wconf 83' lang='lat' dir='ltr'>carminis</span> 
     </span>
     <span class='ocr_line' id='line_1_9' title="bbox 154 1168 1194 1258; baseline 0.007 -29"><span class='ocrx_word' id='word_1_57' title='bbox 154 1185 209 1233; x_wconf 91' lang='lat' dir='ltr'>nata</span> <span class='ocrx_word' id='word_1_58' title='bbox 222 1187 281 1254; x_wconf 88' lang='lat' dir='ltr'>est,</span> <span class='ocrx_word' id='word_1_59' title='bbox 299 1172 354 1238; x_wconf 90' lang='lat' dir='ltr'>cui</span> <span class='ocrx_word' id='word_1_60' title='bbox 369 1187 496 1250; x_wconf 86' lang='lat' dir='ltr'>tamen,</span> <span class='ocrx_word' id='word_1_61' title='bbox 513 1169 541 1233; x_wconf 92' lang='lat' dir='ltr'>si</span> <span class='ocrx_word' id='word_1_62' title='bbox 565 1168 650 1233; x_wconf 91' lang='lat' dir='ltr'>illius</span> <span class='ocrx_word' id='word_1_63' title='bbox 672 1168 826 1233; x_wconf 88' lang='lat' dir='ltr'>naturam</span> <span class='ocrx_word' id='word_1_64' title='bbox 842 1186 987 1258; x_wconf 85' lang='lat' dir='ltr'>spectes,</span> <span class='ocrx_word' id='word_1_65' title='bbox 1003 1170 1194 1251; x_wconf 91' lang='lat' dir='ltr'>hujusmodi</span> 
     </span>
     <span class='ocr_line' id='line_1_10' title="bbox 153 1268 1193 1358; baseline 0.003 -23"><span class='ocrx_word' id='word_1_66' title='bbox 153 1287 354 1356; x_wconf 75' lang='lat' dir='ltr'><strong>argumentum</strong></span> <span class='ocrx_word' id='word_1_67' title='bbox 371 1292 488 1358; x_wconf 91' lang='lat' dir='ltr'>parurn</span> <span class='ocrx_word' id='word_1_68' title='bbox 507 1285 557 1333; x_wconf 88' lang='lat' dir='ltr'>est</span> <span class='ocrx_word' id='word_1_69' title='bbox 572 1268 865 1335; x_wconf 88' lang='lat' dir='ltr'>accommodatum.</span> <span class='ocrx_word' id='word_1_70' title='bbox 880 1271 1018 1335; x_wconf 77' lang='lat' dir='ltr'>‘Etenim</span> <span class='ocrx_word' id='word_1_71' title='bbox 1043 1274 1193 1338; x_wconf 84' lang='lat' dir='ltr'>carminis</span> 
     </span>
     <span class='ocr_line' id='line_1_11' title="bbox 153 1369 1193 1457; baseline 0.007 -26"><span class='ocrx_word' id='word_1_72' title='bbox 153 1369 216 1435; x_wconf 85' lang='lat' dir='ltr'>ratio</span> <span class='ocrx_word' id='word_1_73' title='bbox 235 1372 300 1437; x_wconf 81' lang='lat' dir='ltr'>haec</span> <span class='ocrx_word' id='word_1_74' title='bbox 321 1387 388 1453; x_wconf 88' lang='lat' dir='ltr'>est,</span> <span class='ocrx_word' id='word_1_75' title='bbox 414 1387 452 1434; x_wconf 90' lang='lat' dir='ltr'>nt</span> <span class='ocrx_word' id='word_1_76' title='bbox 474 1369 617 1451; x_wconf 84' lang='lat' dir='ltr'>diversa,</span> <span class='ocrx_word' id='word_1_77' title='bbox 644 1391 716 1457; x_wconf 87' lang='lat' dir='ltr'>quae</span> <span class='ocrx_word' id='word_1_78' title='bbox 740 1369 796 1434; x_wconf 94' lang='lat' dir='ltr'>illo</span> <span class='ocrx_word' id='word_1_79' title='bbox 822 1372 1068 1454; x_wconf 80' lang='lat' dir='ltr'>contineantur,</span> <span class='ocrx_word' id='word_1_80' title='bbox 1085 1389 1193 1438; x_wconf 91' lang='lat' dir='ltr'>totum</span> 
     </span>
     <span class='ocr_line' id='line_1_12' title="bbox 154 1468 1194 1559; baseline 0.001 -21"><span class='ocrx_word' id='word_1_81' title='bbox 154 1468 258 1557; x_wconf 70' lang='lat' dir='ltr'>aliquod</span> <span class='ocrx_word' id='word_1_82' title='bbox 266 1470 441 1538; x_wconf 85' lang='lat' dir='ltr'>conficiant</span> <span class='ocrx_word' id='word_1_83' title='bbox 449 1471 485 1534; x_wconf 89' lang='lat' dir='ltr'>in</span> <span class='ocrx_word' id='word_1_84' title='bbox 495 1492 557 1535; x_wconf 89' lang='lat' dir='ltr'>suo</span> <span class='ocrx_word' id='word_1_85' title='bbox 567 1492 684 1559; x_wconf 82' lang='lat' dir='ltr'>genere</span> <span class='ocrx_word' id='word_1_86' title='bbox 692 1471 871 1558; x_wconf 82' lang='lat' dir='ltr'>perfectum</span> <span class='ocrx_word' id='word_1_87' title='bbox 882 1489 980 1558; x_wconf 86' lang='lat' dir='ltr'>atque</span> <span class='ocrx_word' id='word_1_88' title='bbox 990 1473 1194 1556; x_wconf 88' lang='lat' dir='ltr'>absolutum,</span> 
     </span>
     <span class='ocr_line' id='line_1_13' title="bbox 153 1571 1196 1663; baseline 0.008 -31"><span class='ocrx_word' id='word_1_89' title='bbox 153 1571 224 1651; x_wconf 84' lang='lat' dir='ltr'>cujus</span> <span class='ocrx_word' id='word_1_90' title='bbox 240 1575 290 1638; x_wconf 91' lang='lat' dir='ltr'>illa</span> <span class='ocrx_word' id='word_1_91' title='bbox 306 1591 413 1663; x_wconf 88' lang='lat' dir='ltr'>partes</span> <span class='ocrx_word' id='word_1_92' title='bbox 430 1573 495 1636; x_wconf 87' lang='lat' dir='ltr'>sint</span> <span class='ocrx_word' id='word_1_93' title='bbox 511 1587 608 1660; x_wconf 88' lang='lat' dir='ltr'>atque</span> <span class='ocrx_word' id='word_1_94' title='bbox 623 1571 784 1654; x_wconf 89' lang='lat' dir='ltr'>membra,</span> <span class='ocrx_word' id='word_1_95' title='bbox 806 1595 949 1659; x_wconf 91' lang='lat' dir='ltr'>quorum</span> <span class='ocrx_word' id='word_1_96' title='bbox 966 1574 1092 1638; x_wconf 91' lang='lat' dir='ltr'>nullum</span> <span class='ocrx_word' id='word_1_97' title='bbox 1110 1577 1196 1640; x_wconf 86' lang='lat' dir='ltr'>salva</span> 
     </span>
     <span class='ocr_line' id='line_1_14' title="bbox 152 1671 1197 1762; baseline 0.007 -29"><span class='ocrx_word' id='word_1_98' title='bbox 152 1674 366 1762; x_wconf 74' lang='lat' dir='ltr'>conspiratione</span> <span class='ocrx_word' id='word_1_99' title='bbox 385 1674 487 1737; x_wconf 90' lang='lat' dir='ltr'>totius</span> <span class='ocrx_word' id='word_1_100' title='bbox 503 1672 607 1761; x_wconf 88' lang='lat' dir='ltr'>possit</span> <span class='ocrx_word' id='word_1_101' title='bbox 625 1671 744 1736; x_wconf 86' lang='lat' dir='ltr'>deesse.</span> <span class='ocrx_word' id='word_1_102' title='bbox 764 1673 822 1735; x_wconf 90' lang='lat' dir='ltr'>llla</span> <span class='ocrx_word' id='word_1_103' title='bbox 838 1689 947 1736; x_wconf 89' lang='lat' dir='ltr'>autem</span> <span class='ocrx_word' id='word_1_104' title='bbox 964 1696 1075 1739; x_wconf 88' lang='lat' dir='ltr'>rerum</span> <span class='ocrx_word' id='word_1_105' title='bbox 1094 1678 1197 1740; x_wconf 87' lang='lat' dir='ltr'>varic·</span> 
     </span>
     <span class='ocr_line' id='line_1_15' title="bbox 152 1771 1198 1863; baseline 0.006 -28"><span class='ocrx_word' id='word_1_106' title='bbox 152 1788 202 1853; x_wconf 90' lang='lat' dir='ltr'>tas,</span> <span class='ocrx_word' id='word_1_107' title='bbox 221 1798 289 1863; x_wconf 83' lang='lat' dir='ltr'>quae</span> <span class='ocrx_word' id='word_1_108' title='bbox 310 1771 500 1854; x_wconf 87' lang='lat' dir='ltr'>hujusmodi</span> <span class='ocrx_word' id='word_1_109' title='bbox 523 1772 665 1836; x_wconf 83' lang='lat' dir='ltr'>carmine</span> <span class='ocrx_word' id='word_1_110' title='bbox 688 1772 932 1859; x_wconf 88' lang='lat' dir='ltr'>complectenda</span> <span class='ocrx_word' id='word_1_111' title='bbox 956 1789 1022 1850; x_wconf 84' lang='lat' dir='ltr'>est,</span> <span class='ocrx_word' id='word_1_112' title='bbox 1039 1775 1104 1840; x_wconf 92' lang='lat' dir='ltr'>hoc</span> <span class='ocrx_word' id='word_1_113' title='bbox 1127 1800 1198 1840; x_wconf 91' lang='lat' dir='ltr'>uno</span> 
     </span>
     <span class='ocr_line' id='line_1_16' title="bbox 151 1872 1199 1965; baseline 0.005 -29"><span class='ocrx_word' id='word_1_114' title='bbox 151 1874 285 1958; x_wconf 78' lang='lat' dir='ltr'>coleret,</span> <span class='ocrx_word' id='word_1_115' title='bbox 300 1875 392 1965; x_wconf 89' lang='lat' dir='ltr'>quod</span> <span class='ocrx_word' id='word_1_116' title='bbox 410 1874 451 1938; x_wconf 90' lang='lat' dir='ltr'>ad</span> <span class='ocrx_word' id='word_1_117' title='bbox 472 1896 578 1937; x_wconf 86' lang='lat' dir='ltr'>unum</span> <span class='ocrx_word' id='word_1_118' title='bbox 601 1888 738 1960; x_wconf 86' lang='lat' dir='ltr'>spectat,</span> <span class='ocrx_word' id='word_1_119' title='bbox 758 1894 814 1935; x_wconf 90' lang='lat' dir='ltr'>scu</span> <span class='ocrx_word' id='word_1_120' title='bbox 831 1872 873 1936; x_wconf 92' lang='lat' dir='ltr'>ad</span> <span class='ocrx_word' id='word_1_121' title='bbox 888 1872 1000 1938; x_wconf 87' lang='lat' dir='ltr'>laudes</span> <span class='ocrx_word' id='word_1_122' title='bbox 1017 1876 1114 1941; x_wconf 91' lang='lat' dir='ltr'>unius</span> <span class='ocrx_word' id='word_1_123' title='bbox 1128 1901 1199 1965; x_wconf 89' lang='lat' dir='ltr'>per·</span> 
     </span>
     <span class='ocr_line' id='line_1_17' title="bbox 149 1972 1198 2061; baseline 0.007 -26"><span class='ocrx_word' id='word_1_124' title='bbox 149 1973 223 2040; x_wconf 56' lang='lat' dir='ltr'>tina</span> <span class='ocrx_word' id='word_1_125' title='bbox 245 1976 352 2041; x_wconf 82' lang='lat' dir='ltr'>Etiam</span> <span class='ocrx_word' id='word_1_126' title='bbox 375 1975 444 2050; x_wconf 93' lang='lat' dir='ltr'>ille,</span> <span class='ocrx_word' id='word_1_127' title='bbox 463 1974 519 2061; x_wconf 91' lang='lat' dir='ltr'>qui</span> <span class='ocrx_word' id='word_1_128' title='bbox 536 1972 662 2054; x_wconf 87' lang='lat' dir='ltr'>laudat,</span> <span class='ocrx_word' id='word_1_129' title='bbox 681 1972 808 2036; x_wconf 90' lang='lat' dir='ltr'>nullum</span> <span class='ocrx_word' id='word_1_130' title='bbox 827 1972 926 2037; x_wconf 84' lang='lat' dir='ltr'>habet</span> <span class='ocrx_word' id='word_1_131' title='bbox 946 1975 980 2037; x_wconf 91' lang='lat' dir='ltr'>in</span> <span class='ocrx_word' id='word_1_132' title='bbox 999 1975 1096 2040; x_wconf 89' lang='lat' dir='ltr'>rebus</span> <span class='ocrx_word' id='word_1_133' title='bbox 1114 1979 1198 2042; x_wconf 89' lang='lat' dir='ltr'>cele·</span> 
     </span>
     <span class='ocr_line' id='line_1_18' title="bbox 148 2072 1198 2160; baseline 0.006 -24"><span class='ocrx_word' id='word_1_134' title='bbox 148 2073 260 2142; x_wconf 86' lang='lat' dir='ltr'>brandis</span> <span class='ocrx_word' id='word_1_135' title='bbox 278 2077 419 2141; x_wconf 87' lang='lat' dir='ltr'>liberum</span> <span class='ocrx_word' id='word_1_136' title='bbox 442 2073 624 2153; x_wconf 87' lang='lat' dir='ltr'>delectum,</span> <span class='ocrx_word' id='word_1_137' title='bbox 643 2096 751 2160; x_wconf 85' lang='lat' dir='ltr'>nequo</span> <span class='ocrx_word' id='word_1_138' title='bbox 768 2072 947 2159; x_wconf 88' lang='lat' dir='ltr'>quidquam</span> <span class='ocrx_word' id='word_1_139' title='bbox 965 2074 1005 2138; x_wconf 89' lang='lat' dir='ltr'>ad</span> <span class='ocrx_word' id='word_1_140' title='bbox 1025 2079 1198 2142; x_wconf 90' lang='lat' dir='ltr'>consilium</span> 
     </span>
     <span class='ocr_line' id='line_1_19' title="bbox 144 2174 1199 2261; baseline 0.002 -22"><span class='ocrx_word' id='word_1_141' title='bbox 144 2198 228 2242; x_wconf 87' lang='lat' dir='ltr'>suum</span> <span class='ocrx_word' id='word_1_142' title='bbox 245 2180 356 2244; x_wconf 90' lang='lat' dir='ltr'>minus</span> <span class='ocrx_word' id='word_1_143' title='bbox 380 2175 660 2241; x_wconf 89' lang='lat' dir='ltr'>accommodatum</span> <span class='ocrx_word' id='word_1_144' title='bbox 679 2174 749 2237; x_wconf 90' lang='lat' dir='ltr'>sine</span> <span class='ocrx_word' id='word_1_145' title='bbox 766 2174 948 2236; x_wconf 85' lang='lat' dir='ltr'>offensione</span> <span class='ocrx_word' id='word_1_146' title='bbox 972 2191 1079 2261; x_wconf 91' lang='lat' dir='ltr'>potest</span> <span class='ocrx_word' id='word_1_147' title='bbox 1101 2179 1199 2242; x_wconf 89' lang='lat' dir='ltr'>relin-</span> 
     </span>
     <span class='ocr_line' id='line_1_20' title="bbox 144 2274 1196 2368; baseline 0.002 -28"><span class='ocrx_word' id='word_1_148' title='bbox 144 2300 249 2364; x_wconf 89' lang='lat' dir='ltr'>quere,</span> <span class='ocrx_word' id='word_1_149' title='bbox 273 2277 451 2368; x_wconf 87' lang='lat' dir='ltr'>praesertim</span> <span class='ocrx_word' id='word_1_150' title='bbox 475 2277 509 2339; x_wconf 91' lang='lat' dir='ltr'>in</span> <span class='ocrx_word' id='word_1_151' title='bbox 537 2298 647 2339; x_wconf 88' lang='lat' dir='ltr'>rerum</span> <span class='ocrx_word' id='word_1_152' title='bbox 670 2290 833 2363; x_wconf 83' lang='lat' dir='ltr'>gestarum</span> <span class='ocrx_word' id='word_1_153' title='bbox 856 2274 981 2361; x_wconf 90' lang='lat' dir='ltr'>iuopia,</span> <span class='ocrx_word' id='word_1_154' title='bbox 1000 2292 1050 2356; x_wconf 89' lang='lat' dir='ltr'>et,</span> <span class='ocrx_word' id='word_1_155' title='bbox 1072 2279 1196 2357; x_wconf 79' lang='lat' dir='ltr'>etiarnsi</span> 
     </span>
     <span class='ocr_line' id='line_1_21' title="bbox 143 2375 1196 2469; baseline 0.004 -28"><span class='ocrx_word' id='word_1_156' title='bbox 143 2378 197 2444; x_wconf 89' lang='lat' dir='ltr'>boe</span> <span class='ocrx_word' id='word_1_157' title='bbox 207 2382 318 2469; x_wconf 89' lang='lat' dir='ltr'>possit,</span> <span class='ocrx_word' id='word_1_158' title='bbox 327 2396 434 2443; x_wconf 88' lang='lat' dir='ltr'>tamen</span> <span class='ocrx_word' id='word_1_159' title='bbox 448 2400 514 2441; x_wconf 92' lang='lat' dir='ltr'>non</span> <span class='ocrx_word' id='word_1_160' title='bbox 528 2399 655 2464; x_wconf 88' lang='lat' dir='ltr'>semper</span> <span class='ocrx_word' id='word_1_161' title='bbox 665 2398 727 2456; x_wconf 87' lang='lat' dir='ltr'>res,</span> <span class='ocrx_word' id='word_1_162' title='bbox 736 2376 787 2438; x_wconf 88' lang='lat' dir='ltr'>vel</span> <span class='ocrx_word' id='word_1_163' title='bbox 796 2398 854 2462; x_wconf 87' lang='lat' dir='ltr'>per</span> <span class='ocrx_word' id='word_1_164' title='bbox 863 2375 964 2457; x_wconf 83' lang='lat' dir='ltr'>se,vel</span> <span class='ocrx_word' id='word_1_165' title='bbox 973 2398 1013 2441; x_wconf 85' lang='lat' dir='ltr'>ex</span> <span class='ocrx_word' id='word_1_166' title='bbox 1023 2377 1196 2445; x_wconf 90' lang='lat' dir='ltr'>hominum</span> 
     </span>
     <span class='ocr_line' id='line_1_22' title="bbox 140 2475 1198 2569; baseline 0.003 -26"><span class='ocrx_word' id='word_1_167' title='bbox 140 2503 228 2545; x_wconf 85' lang='lat' dir='ltr'>sensu</span> <span class='ocrx_word' id='word_1_168' title='bbox 253 2497 285 2546; x_wconf 90' lang='lat' dir='ltr'>et</span> <span class='ocrx_word' id='word_1_169' title='bbox 310 2476 547 2544; x_wconf 89' lang='lat' dir='ltr'>consuetudine</span> <span class='ocrx_word' id='word_1_170' title='bbox 572 2477 709 2540; x_wconf 85' lang='lat' dir='ltr'>maxime</span> <span class='ocrx_word' id='word_1_171' title='bbox 731 2475 973 2558; x_wconf 84' lang='lat' dir='ltr'>memorabiles,</span> <span class='ocrx_word' id='word_1_172' title='bbox 998 2500 1044 2542; x_wconf 79' lang='lat' dir='ltr'>ete</span> <span class='ocrx_word' id='word_1_173' title='bbox 1065 2503 1198 2569; x_wconf 90' lang='lat' dir='ltr'>quoque</span> 
     </span>
     <span class='ocr_line' id='line_1_23' title="bbox 137 2575 1196 2671; baseline 0.001 -24"><span class='ocrx_word' id='word_1_174' title='bbox 137 2600 226 2666; x_wconf 87' lang='lat' dir='ltr'>sunt,</span> <span class='ocrx_word' id='word_1_175' title='bbox 239 2606 311 2671; x_wconf 83' lang='lat' dir='ltr'>quae</span> <span class='ocrx_word' id='word_1_176' title='bbox 324 2581 483 2671; x_wconf 88' lang='lat' dir='ltr'>poeticam</span> <span class='ocrx_word' id='word_1_177' title='bbox 499 2576 655 2641; x_wconf 74' lang='lat' dir='ltr'>tractandi</span> <span class='ocrx_word' id='word_1_178' title='bbox 674 2576 833 2640; x_wconf 86' lang='lat' dir='ltr'>rationem</span> <span class='ocrx_word' id='word_1_179' title='bbox 851 2575 998 2639; x_wconf 83' lang='lat' dir='ltr'>facilliute</span> <span class='ocrx_word' id='word_1_180' title='bbox 1013 2578 1196 2648; x_wconf 82' lang='lat' dir='ltr'>admittant.</span> 
     </span>
     <span class='ocr_line' id='line_1_24' title="bbox 135 2677 1196 2770; baseline 0 -23"><span class='ocrx_word' id='word_1_181' title='bbox 135 2682 233 2747; x_wconf 87' lang='lat' dir='ltr'>Simul</span> <span class='ocrx_word' id='word_1_182' title='bbox 262 2697 398 2770; x_wconf 83' lang='lat' dir='ltr'>cogetur</span> <span class='ocrx_word' id='word_1_183' title='bbox 422 2679 539 2766; x_wconf 86' lang='lat' dir='ltr'>saepius</span> <span class='ocrx_word' id='word_1_184' title='bbox 564 2693 659 2765; x_wconf 89' lang='lat' dir='ltr'>poeta</span> <span class='ocrx_word' id='word_1_185' title='bbox 685 2677 786 2753; x_wconf 87' lang='lat' dir='ltr'>illius,</span> <span class='ocrx_word' id='word_1_186' title='bbox 815 2699 912 2763; x_wconf 86' lang='lat' dir='ltr'>quem</span> <span class='ocrx_word' id='word_1_187' title='bbox 940 2678 1063 2756; x_wconf 85' lang='lat' dir='ltr'>laudat,</span> <span class='ocrx_word' id='word_1_188' title='bbox 1088 2685 1196 2747; x_wconf 85' lang='lat' dir='ltr'>existi-</span> 
     </span>
     <span class='ocr_line' id='line_1_25' title="bbox 134 2776 1196 2871; baseline -0.002 -26"><span class='ocrx_word' id='word_1_189' title='bbox 134 2785 307 2847; x_wconf 89' lang='lat' dir='ltr'>mationem</span> <span class='ocrx_word' id='word_1_190' title='bbox 334 2777 497 2869; x_wconf 84' lang='lat' dir='ltr'>cogitandi</span> <span class='ocrx_word' id='word_1_191' title='bbox 522 2776 748 2863; x_wconf 90' lang='lat' dir='ltr'>sentiendique</span> <span class='ocrx_word' id='word_1_192' title='bbox 778 2777 937 2840; x_wconf 88' lang='lat' dir='ltr'>rationem</span> <span class='ocrx_word' id='word_1_193' title='bbox 967 2781 1075 2866; x_wconf 90' lang='lat' dir='ltr'>sequi,</span> <span class='ocrx_word' id='word_1_194' title='bbox 1099 2808 1196 2871; x_wconf 82' lang='lat' dir='ltr'>qnam</span> 
     </span>
     <span class='ocr_line' id='line_1_26' title="bbox 134 2877 1196 2975; baseline 0 -27"><span class='ocrx_word' id='word_1_195' title='bbox 134 2885 175 2947; x_wconf 85' lang='lat' dir='ltr'>rei</span> <span class='ocrx_word' id='word_1_196' title='bbox 191 2898 341 2947; x_wconf 89' lang='lat' dir='ltr'>naturam</span> <span class='ocrx_word' id='word_1_197' title='bbox 358 2896 391 2945; x_wconf 88' lang='lat' dir='ltr'>et</span> <span class='ocrx_word' id='word_1_198' title='bbox 406 2879 575 2963; x_wconf 87' lang='lat' dir='ltr'>carminis,</span> <span class='ocrx_word' id='word_1_199' title='bbox 593 2879 636 2942; x_wconf 88' lang='lat' dir='ltr'>ita</span> <span class='ocrx_word' id='word_1_200' title='bbox 649 2894 686 2941; x_wconf 91' lang='lat' dir='ltr'>ut</span> <span class='ocrx_word' id='word_1_201' title='bbox 701 2878 739 2941; x_wconf 89' lang='lat' dir='ltr'>iis</span> <span class='ocrx_word' id='word_1_202' title='bbox 755 2877 961 2965; x_wconf 90' lang='lat' dir='ltr'>potissimum</span> <span class='ocrx_word' id='word_1_203' title='bbox 979 2897 1107 2964; x_wconf 86' lang='lat' dir='ltr'>utatur,</span> <span class='ocrx_word' id='word_1_204' title='bbox 1122 2889 1196 2975; x_wconf 88' lang='lat' dir='ltr'>qui·</span> 
     </span>
     <span class='ocr_line' id='line_1_27' title="bbox 132 2980 1197 3075; baseline 0.001 -26"><span class='ocrx_word' id='word_1_205' title='bbox 132 2985 192 3050; x_wconf 88' lang='lat' dir='ltr'>bus</span> <span class='ocrx_word' id='word_1_206' title='bbox 209 2985 262 3049; x_wconf 91' lang='lat' dir='ltr'>ille</span> <span class='ocrx_word' id='word_1_207' title='bbox 274 2982 412 3047; x_wconf 81' lang='lat' dir='ltr'>maxime</span> <span class='ocrx_word' id='word_1_208' title='bbox 429 2980 596 3068; x_wconf 86' lang='lat' dir='ltr'>superbire</span> <span class='ocrx_word' id='word_1_209' title='bbox 612 2981 723 3044; x_wconf 85' lang='lat' dir='ltr'>soleat.</span> <span class='ocrx_word' id='word_1_210' title='bbox 741 2980 839 3042; x_wconf 86' lang='lat' dir='ltr'>Poeta</span> <span class='ocrx_word' id='word_1_211' title='bbox 856 3003 973 3067; x_wconf 85' lang='lat' dir='ltr'>porro,</span> <span class='ocrx_word' id='word_1_212' title='bbox 992 2981 1053 3046; x_wconf 90' lang='lat' dir='ltr'>nisi</span> <span class='ocrx_word' id='word_1_213' title='bbox 1070 2990 1197 3075; x_wconf 85' lang='lat' dir='ltr'>magni·</span> 
     </span>
     <span class='ocr_line' id='line_1_28' title="bbox 132 3080 1194 3172; baseline 0.003 -24"><span class='ocrx_word' id='word_1_214' title='bbox 132 3084 245 3148; x_wconf 90' lang='lat' dir='ltr'>tudine</span> <span class='ocrx_word' id='word_1_215' title='bbox 253 3105 364 3147; x_wconf 89' lang='lat' dir='ltr'>rerum</span> <span class='ocrx_word' id='word_1_216' title='bbox 375 3099 407 3146; x_wconf 90' lang='lat' dir='ltr'>et</span> <span class='ocrx_word' id='word_1_217' title='bbox 416 3080 629 3169; x_wconf 88' lang='lat' dir='ltr'>amplitudine</span> <span class='ocrx_word' id='word_1_218' title='bbox 645 3080 712 3167; x_wconf 89' lang='lat' dir='ltr'>ipse</span> <span class='ocrx_word' id='word_1_219' title='bbox 727 3081 911 3162; x_wconf 90' lang='lat' dir='ltr'>incaluerit,</span> <span class='ocrx_word' id='word_1_220' title='bbox 923 3084 1049 3147; x_wconf 87' lang='lat' dir='ltr'>animos</span> <span class='ocrx_word' id='word_1_221' title='bbox 1064 3109 1194 3172; x_wconf 89' lang='lat' dir='ltr'>eorum,</span> 
     </span>
     <span class='ocr_line' id='line_1_29' title="bbox 131 3180 1198 3274; baseline 0.004 -26"><span class='ocrx_word' id='word_1_222' title='bbox 131 3185 282 3274; x_wconf 82' lang='lat' dir='ltr'>aquibus</span> <span class='ocrx_word' id='word_1_223' title='bbox 295 3184 345 3247; x_wconf 84' lang='lat' dir='ltr'>vel</span> <span class='ocrx_word' id='word_1_224' title='bbox 355 3180 502 3263; x_wconf 87' lang='lat' dir='ltr'>auditur,</span> <span class='ocrx_word' id='word_1_225' title='bbox 518 3181 569 3245; x_wconf 87' lang='lat' dir='ltr'>vel</span> <span class='ocrx_word' id='word_1_226' title='bbox 584 3181 717 3269; x_wconf 83' lang='lat' dir='ltr'>legitur,</span> <span class='ocrx_word' id='word_1_227' title='bbox 736 3202 802 3242; x_wconf 90' lang='lat' dir='ltr'>non</span> <span class='ocrx_word' id='word_1_228' title='bbox 816 3197 922 3268; x_wconf 91' lang='lat' dir='ltr'>potest</span> <span class='ocrx_word' id='word_1_229' title='bbox 930 3183 1116 3250; x_wconf 80' lang='lat' dir='ltr'>accendere.</span> <span class='ocrx_word' id='word_1_230' title='bbox 1134 3188 1198 3252; x_wconf 88' lang='lat' dir='ltr'>Sed</span> 
     </span>
     <span class='ocr_line' id='line_1_30' title="bbox 132 3280 1198 3375; baseline 0.001 -25"><span class='ocrx_word' id='word_1_231' title='bbox 132 3286 211 3375; x_wconf 89' lang='lat' dir='ltr'>quid</span> <span class='ocrx_word' id='word_1_232' title='bbox 229 3307 299 3351; x_wconf 87' lang='lat' dir='ltr'>esse</span> <span class='ocrx_word' id='word_1_233' title='bbox 315 3298 443 3373; x_wconf 86' lang='lat' dir='ltr'>poterat</span> <span class='ocrx_word' id='word_1_234' title='bbox 459 3282 493 3345; x_wconf 92' lang='lat' dir='ltr'>in</span> <span class='ocrx_word' id='word_1_235' title='bbox 509 3305 630 3371; x_wconf 89' lang='lat' dir='ltr'>puero,</span> <span class='ocrx_word' id='word_1_236' title='bbox 646 3282 698 3344; x_wconf 88' lang='lat' dir='ltr'>vix</span> <span class='ocrx_word' id='word_1_237' title='bbox 715 3280 888 3344; x_wconf 89' lang='lat' dir='ltr'>duodecim</span> <span class='ocrx_word' id='word_1_238' title='bbox 904 3306 1007 3347; x_wconf 90' lang='lat' dir='ltr'>annos</span> <span class='ocrx_word' id='word_1_239' title='bbox 1024 3303 1119 3367; x_wconf 87' lang='lat' dir='ltr'>nato,</span> <span class='ocrx_word' id='word_1_240' title='bbox 1135 3312 1198 3352; x_wconf 90' lang='lat' dir='ltr'>ma·</span> 
     </span>
     <span class='ocr_line' id='line_1_31' title="bbox 131 3382 1198 3477; baseline 0.001 -26"><span class='ocrx_word' id='word_1_241' title='bbox 131 3409 275 3477; x_wconf 81' lang='lat' dir='ltr'>gnopere</span> <span class='ocrx_word' id='word_1_242' title='bbox 290 3382 513 3449; x_wconf 84' lang='lat' dir='ltr'>laudandum?</span> <span class='ocrx_word' id='word_1_243' title='bbox 528 3407 599 3470; x_wconf 82' lang='lat' dir='ltr'>quae</span> <span class='ocrx_word' id='word_1_244' title='bbox 615 3384 750 3447; x_wconf 86' lang='lat' dir='ltr'>virtutes</span> <span class='ocrx_word' id='word_1_245' title='bbox 767 3383 951 3446; x_wconf 90' lang='lat' dir='ltr'>Stilichonis</span> <span class='ocrx_word' id='word_1_246' title='bbox 968 3384 1000 3446; x_wconf 92' lang='lat' dir='ltr'>in</span> <span class='ocrx_word' id='word_1_247' title='bbox 1018 3384 1198 3452; x_wconf 86' lang='lat' dir='ltr'>admiratio·</span> 
     </span>
     <span class='ocr_line' id='line_1_32' title="bbox 134 3483 1198 3575; baseline -0.013 -22"><span class='ocrx_word' id='word_1_248' title='bbox 134 3511 207 3553; x_wconf 87' lang='lat' dir='ltr'>nem</span> <span class='ocrx_word' id='word_1_249' title='bbox 220 3488 272 3553; x_wconf 87' lang='lat' dir='ltr'>sui</span> <span class='ocrx_word' id='word_1_250' title='bbox 282 3500 451 3574; x_wconf 88' lang='lat' dir='ltr'>raperent,</span> <span class='ocrx_word' id='word_1_251' title='bbox 463 3507 566 3572; x_wconf 89' lang='lat' dir='ltr'>quum</span> <span class='ocrx_word' id='word_1_252' title='bbox 579 3484 660 3547; x_wconf 93' lang='lat' dir='ltr'>nibil</span> <span class='ocrx_word' id='word_1_253' title='bbox 672 3506 802 3563; x_wconf 87' lang='lat' dir='ltr'>corum,</span> <span class='ocrx_word' id='word_1_254' title='bbox 814 3506 886 3570; x_wconf 88' lang='lat' dir='ltr'>quae</span> <span class='ocrx_word' id='word_1_255' title='bbox 897 3483 1026 3565; x_wconf 87' lang='lat' dir='ltr'>faceret,</span> <span class='ocrx_word' id='word_1_256' title='bbox 1037 3485 1078 3550; x_wconf 90' lang='lat' dir='ltr'>ad</span> <span class='ocrx_word' id='word_1_257' title='bbox 1092 3490 1198 3575; x_wconf 83' lang='lat' dir='ltr'>publi.</span> 
     </span>
     <span class='ocr_line' id='line_1_33' title="bbox 133 3582 1197 3665; baseline 0.003 -13"><span class='ocrx_word' id='word_1_258' title='bbox 133 3610 201 3652; x_wconf 84' lang='lat' dir='ltr'>carn</span> <span class='ocrx_word' id='word_1_259' title='bbox 226 3586 416 3665; x_wconf 85' lang='lat' dir='ltr'>utilitatem,</span> <span class='ocrx_word' id='word_1_260' title='bbox 433 3584 513 3648; x_wconf 89' lang='lat' dir='ltr'>nibil</span> <span class='ocrx_word' id='word_1_261' title='bbox 538 3606 605 3648; x_wconf 91' lang='lat' dir='ltr'>non</span> <span class='ocrx_word' id='word_1_262' title='bbox 631 3583 671 3647; x_wconf 90' lang='lat' dir='ltr'>ad</span> <span class='ocrx_word' id='word_1_263' title='bbox 695 3607 752 3647; x_wconf 88' lang='lat' dir='ltr'>sua</span> <span class='ocrx_word' id='word_1_264' title='bbox 777 3582 948 3646; x_wconf 89' lang='lat' dir='ltr'>commoda</span> <span class='ocrx_word' id='word_1_265' title='bbox 973 3586 1144 3653; x_wconf 74' lang='lat' dir='ltr'>referret¹l</span> <span class='ocrx_word' id='word_1_266' title='bbox 1162 3591 1197 3655; x_wconf 91' lang='lat' dir='ltr'>ld</span> 
     </span>
    </p>
   </div>
   <div class='ocr_carea' id='block_1_3' title="bbox 132 3758 1198 4071">
    <p class='ocr_par' dir='ltr' id='par_1_3' title="bbox 132 3758 1198 4071">
     <span class='ocr_line' id='line_1_34' title="bbox 175 3758 1197 3837; baseline -0.001 -17"><span class='ocrx_word' id='word_1_267' title='bbox 175 3785 200 3820; x_wconf 88' lang='lat' dir='ltr'>t.</span> <span class='ocrx_word' id='word_1_268' title='bbox 214 3767 323 3833; x_wconf 73' lang='lat' dir='ltr'>Quanto</span> <span class='ocrx_word' id='word_1_269' title='bbox 336 3761 446 3816; x_wconf 85' lang='lat' dir='ltr'>uberior</span> <span class='ocrx_word' id='word_1_270' title='bbox 455 3758 581 3814; x_wconf 83' lang='lat' dir='ltr'>laudandi</span> <span class='ocrx_word' id='word_1_271' title='bbox 592 3760 701 3812; x_wconf 87' lang='lat' dir='ltr'>materia</span> <span class='ocrx_word' id='word_1_272' title='bbox 712 3759 823 3812; x_wconf 87' lang='lat' dir='ltr'>Horatio</span> <span class='ocrx_word' id='word_1_273' title='bbox 834 3760 948 3830; x_wconf 78' lang='lat' dir='ltr'>contigit</span> <span class='ocrx_word' id='word_1_274' title='bbox 958 3761 987 3812; x_wconf 92' lang='lat' dir='ltr'>in</span> <span class='ocrx_word' id='word_1_275' title='bbox 997 3764 1128 3834; x_wconf 80' lang='lat' dir='ltr'>Augusto,</span> <span class='ocrx_word' id='word_1_276' title='bbox 1136 3770 1197 3837; x_wconf 92' lang='lat' dir='ltr'>qui,</span> 
     </span>
     <span class='ocr_line' id='line_1_35' title="bbox 133 3838 1198 3918; baseline 0.002 -21"><span class='ocrx_word' id='word_1_277' title='bbox 133 3864 281 3918; x_wconf 73' lang='lat' dir='ltr'>quanquam</span> <span class='ocrx_word' id='word_1_278' title='bbox 303 3852 441 3914; x_wconf 81' lang='lat' dir='ltr'>occupatae</span> <span class='ocrx_word' id='word_1_279' title='bbox 456 3838 604 3911; x_wconf 85' lang='lat' dir='ltr'>tyrannidis</span> <span class='ocrx_word' id='word_1_280' title='bbox 619 3838 719 3892; x_wconf 86' lang='lat' dir='ltr'>invidia</span> <span class='ocrx_word' id='word_1_281' title='bbox 736 3838 809 3910; x_wconf 89' lang='lat' dir='ltr'>apud</span> <span class='ocrx_word' id='word_1_282' title='bbox 827 3839 956 3892; x_wconf 86' lang='lat' dir='ltr'>libertatis</span> <span class='ocrx_word' id='word_1_283' title='bbox 973 3856 1089 3896; x_wconf 87' lang='lat' dir='ltr'>amantes</span> <span class='ocrx_word' id='word_1_284' title='bbox 1104 3845 1198 3916; x_wconf 84' lang='lat' dir='ltr'>flagra·</span> 
     </span>
     <span class='ocr_line' id='line_1_36' title="bbox 132 3917 1197 3996; baseline -0.002 -17"><span class='ocrx_word' id='word_1_285' title='bbox 132 3938 184 3995; x_wconf 75' lang='lat' dir='ltr'>ret,</span> <span class='ocrx_word' id='word_1_286' title='bbox 193 3938 281 3979; x_wconf 76' lang='lat' dir='ltr'>tamen</span> <span class='ocrx_word' id='word_1_287' title='bbox 295 3935 324 3977; x_wconf 81' lang='lat' dir='ltr'>et</span> <span class='ocrx_word' id='word_1_288' title='bbox 336 3922 393 3987; x_wconf 92' lang='lat' dir='ltr'>illi,</span> <span class='ocrx_word' id='word_1_289' title='bbox 405 3920 452 3992; x_wconf 88' lang='lat' dir='ltr'>qui</span> <span class='ocrx_word' id='word_1_290' title='bbox 463 3919 571 3991; x_wconf 86' lang='lat' dir='ltr'>quidem</span> <span class='ocrx_word' id='word_1_291' title='bbox 586 3938 675 3972; x_wconf 87' lang='lat' dir='ltr'>rerum</span> <span class='ocrx_word' id='word_1_292' title='bbox 688 3917 832 3989; x_wconf 86' lang='lat' dir='ltr'>prudentes</span> <span class='ocrx_word' id='word_1_293' title='bbox 845 3931 945 3985; x_wconf 83' lang='lat' dir='ltr'>esseut,</span> <span class='ocrx_word' id='word_1_294' title='bbox 961 3923 1110 3994; x_wconf 85' lang='lat' dir='ltr'>perspicere</span> <span class='ocrx_word' id='word_1_295' title='bbox 1123 3940 1197 3996; x_wconf 83' lang='lat' dir='ltr'>pote·</span> 
     </span>
     <span class='ocr_line' id='line_1_37' title="bbox 134 3998 1196 4071; baseline -0.004 -10"><span class='ocrx_word' id='word_1_296' title='bbox 134 4005 236 4071; x_wconf 61' lang='lat' dir='ltr'>mutin</span> <span class='ocrx_word' id='word_1_297' title='bbox 248 4017 322 4060; x_wconf 83' lang='lat' dir='ltr'>tanta</span> <span class='ocrx_word' id='word_1_298' title='bbox 337 4019 445 4054; x_wconf 85' lang='lat' dir='ltr'>morum</span> <span class='ocrx_word' id='word_1_299' title='bbox 461 4012 487 4051; x_wconf 88' lang='lat' dir='ltr'>et</span> <span class='ocrx_word' id='word_1_300' title='bbox 502 3998 647 4071; x_wconf 71' lang='lat' dir='ltr'>discipline</span> <span class='ocrx_word' id='word_1_301' title='bbox 661 4000 820 4070; x_wconf 82' lang='lat' dir='ltr'>corruptela,</span> <span class='ocrx_word' id='word_1_302' title='bbox 833 4000 929 4068; x_wconf 79' lang='lat' dir='ltr'>quietae</span> <span class='ocrx_word' id='word_1_303' title='bbox 941 3999 1069 4056; x_wconf 85' lang='lat' dir='ltr'>libertatis</span> <span class='ocrx_word' id='word_1_304' title='bbox 1082 4002 1196 4057; x_wconf 82' lang='lat' dir='ltr'>fructum</span> 
     </span>
    </p>
   </div>
   <div class='ocr_carea' id='block_1_4' title="bbox 183 4104 1010 4169">
    <p class='ocr_par' dir='ltr' id='par_1_4' title="bbox 183 4104 1010 4169">
     <span class='ocr_line' id='line_1_38' title="bbox 183 4104 1010 4169; baseline 0 -7"><span class='ocrx_word' id='word_1_305' title='bbox 183 4104 213 4169; x_wconf 85' lang='lat' dir='ltr'>I.</span> <span class='ocrx_word' id='word_1_306' title='bbox 991 4122 1010 4162; x_wconf 79' lang='lat' dir='ltr'>a</span> 
     </span>
    </p>
   </div>
   <div class='ocr_carea' id='block_1_5' title="bbox 0 0 1353 4808">
    <p class='ocr_par' dir='ltr' id='par_1_5' title="bbox 0 0 1353 4808">
     <span class='ocr_line' id='line_1_39' title="bbox 0 0 1353 4808; baseline 0 0"><span class='ocrx_word' id='word_1_307' title='bbox 0 0 1353 4808; x_wconf 95' lang='lat' dir='ltr'> </span> 
     </span>
    </p>
   </div>
  </div>
 </body>
</html>
