2686 4808
124 112 172 184 36
445 112 860 181 PRoLEGoMENa

120 238 248 299 illorum
266 233 307 295 ab
318 229 409 294 omni
427 252 537 293 rerum
554 230 761 317 copulatione
775 247 977 295 remotorum
994 235 1058 297 sibi
1072 240 1197 305 conscii

120 358 187 399 non
200 335 275 397 sint.
291 333 348 396 Illa
359 333 437 395 eitra
449 353 559 394 rerum
572 331 779 419 complexum
792 334 901 396 animo
912 333 973 396 sibi
991 359 1198 426 proponere,

119 440 244 525 aliaque
264 459 304 498 ex
320 436 381 498 illis
407 433 651 496 ratiocinatione
675 432 854 513 deducere,
871 454 1019 500 accurate
1038 438 1197 523 definire,

119 540 159 603 ad
172 561 288 629 genera
300 553 332 599 et
345 538 460 599 classes
470 556 636 614 revocare,
652 550 819 622 artemque
832 535 909 599 inde
924 535 1070 619 efficere,
1084 564 1199 605 recen·

118 641 227 720 tioris,
238 654 270 701 et
280 653 398 700 nostra·
409 638 564 716 maxime,
577 651 644 698 erat
655 638 754 697 utatis
763 684 771 714 ,
780 636 959 724 judiciique
972 642 1197 709 maturitatem

119 741 305 828 requirebat
319 756 350 802 et
362 739 452 824 quasi
466 738 698 824 principatum,
716 759 814 822 quem
827 740 1031 825 temporibus
1049 745 1198 832 antiquis

117 840 316 931 imaginandi
332 841 379 904 vis
397 856 429 902 et
444 838 541 901 ardor
555 838 670 924 aliquis
688 838 788 900 animi
805 838 998 904 obtinuerat.
1018 842 1104 923 Quae
1122 848 1200 934 qui.

119 945 194 1009 dem
210 960 285 1006 ante
301 942 412 1006 oeulos
426 941 561 1019 babere,
573 962 676 1026 quum
694 956 839 1002 veterum
858 961 1072 1007 monumenta
1089 946 1197 1037 legas,

118 1046 160 1110 ad
175 1047 291 1109 multas
307 1066 358 1107 res
373 1042 452 1105 utile
465 1058 530 1119 est,
548 1041 706 1128 pra-cipue
722 1057 830 1103 autem
843 1041 876 1103 id
886 1059 1030 1129 praestat,
1048 1062 1087 1109 ut
1101 1047 1199 1114 intel·

120 1149 214 1237 ligas,
224 1163 372 1210 tenerum
384 1160 417 1207 et
427 1145 652 1229 incorruptum
666 1158 788 1204 naturte
798 1164 928 1205 sensum
940 1144 973 1205 in
984 1145 1197 1231 bominibus,

118 1264 244 1312 eertum
270 1247 410 1333 aliquem
439 1243 561 1331 ingenii
585 1244 709 1305 etdtum
736 1265 846 1304 rerum
874 1244 1014 1329 quadam
1041 1248 1199 1317 felicitate

120 1351 237 1431 nactis,
263 1348 320 1411 sed
346 1346 478 1434 pristina
505 1367 636 1407 morum
660 1344 863 1429 simplicitate
886 1346 1034 1409 nondum
1058 1352 1198 1441 amissa,

118 1454 192 1541 plus
209 1448 334 1513 ellicere
355 1447 518 1534 potuisse,
536 1468 632 1531 (petam
650 1444 872 1507 subtilissimas
893 1445 933 1510 de
959 1465 1027 1513 arte
1044 1449 1199 1540 disputa·

119 1552 241 1633 tiones,
256 1549 375 1637 quibus
390 1563 499 1610 nostra
515 1562 589 1609 aettts
602 1560 733 1609 onerata
748 1561 796 1607 est
816 1562 847 1607 et
866 1546 999 1613 laborat.
1014 1551 1200 1621 Videamus

115 1653 200 1733 jam,
223 1648 501 1739 quemadmodum
526 1662 621 1733 pocta
645 1662 873 1735 argumentum
900 1650 961 1713 sibi
985 1658 1198 1741 propositum

118 1770 306 1844 persecutus
323 1753 373 1816 sit.

162 1860 283 1921 Contra
305 1853 445 1918 Horatii¹
467 1874 665 1938 eorumque,
684 1852 740 1938 qui
768 1852 938 1917 Horatium
966 1859 1070 1921 seeuti
1097 1879 1197 1945 sunt,

119 1957 161 2023 de
182 1958 323 2022 carmine
342 1955 435 2042 epico
460 1953 715 2039 praecipientium
738 1976 885 2016 normam
908 1972 1006 2042 atque
1027 1962 1196 2049 regulam,

119 2083 186 2123 non
213 2058 378 2122 moderate
399 2071 431 2118 ct
450 2053 596 2117 modeste
619 2052 814 2116 Claudianus
834 2055 976 2136 orditur,
996 2058 1053 2122 sed
1074 2063 1198 2149 spiritu

118 2160 261 2249 quodam
273 2158 516 2223 vehementiore
527 2154 643 2234 animi,
664 2152 773 2217 divino
790 2154 900 2218 aillatu
915 2160 1085 2241 concitati,
1101 2164 1197 2251 prin-

118 2264 204 2353 cipio
225 2262 332 2325 statim
356 2257 476 2322 incedit
501 2273 533 2319 et
557 2256 696 2343 speciem
720 2256 827 2343 potius
855 2258 1073 2343 vaticinaturi,
1092 2287 1196 2351 quam

118 2363 294 2443 narraturi,
310 2385 376 2449 pru·
389 2384 423 2423 se
440 2360 524 2422 ferre
543 2356 680 2421 videtur.
700 2357 780 2437 Quat
799 2358 880 2419 ratio
897 2380 1000 2444 quum
1017 2362 1137 2427 aeriter
1153 2366 1198 2431 sit

118 2491 136 2530 a
158 2462 354 2555 quibusdam
378 2476 486 2524 notata
494 2476 515 2531 ²,
536 2457 773 2545 dispiciendum
791 2474 853 2531 est,
873 2481 951 2521 nuru
970 2460 1107 2546 babeat,
1125 2490 1198 2555 quo

120 2593 155 2634 se
174 2563 419 2655 quodammodo
437 2576 585 2638 tueatur,
602 2574 658 2621 aut
675 2580 754 2620 num
773 2558 896 2644 aliquid
910 2559 969 2639 sit,
987 2562 1080 2647 quod
1096 2584 1197 2653 poeta

119 2669 212 2760 sequi
238 2666 390 2756 potuerit.
414 2662 541 2747 Nempe
572 2682 609 2722 ea
634 2674 725 2720 erant
749 2658 910 2739 canenda,
938 2684 1010 2746 quae
1038 2686 1196 2755 magnam

117 2788 241 2861 partem
253 2767 341 2857 apud
357 2765 477 2827 inferos
493 2761 622 2822 fueraut
638 2775 734 2845 gesta.
754 2761 829 2822 Haee
844 2760 914 2823 sine
932 2762 1061 2826 monitu
1078 2764 1197 2833 divino

118 2876 201 2938 scire
217 2887 312 2960 pocta
329 2891 395 2930 non
415 2878 558 2951 poterat,
576 2861 721 2923 animum
735 2861 834 2948 igitur
844 2860 884 2923 ab
895 2863 1042 2949 Apolline
1056 2888 1199 2959 occupa·

119 2994 189 3040 turn
218 2971 325 3059 lingit,
344 2981 553 3050 ruentemque
569 2963 709 3050 priorem
735 2963 864 3050 penitus
881 2965 1065 3051 expulsam,
1089 2992 1196 3060 seque

115 3079 201 3141 inter
229 3094 340 3136 earum
370 3088 480 3129 rerum
511 3064 632 3150 species
665 3080 796 3151 repente
824 3062 981 3144 delatum,
1010 3090 1092 3153 quas
1123 3089 1196 3139 emt

118 3175 334 3265 expositurus.
364 3170 456 3231 Hane
474 3165 572 3227 animi
596 3164 846 3227 conciuitionem
873 3166 1040 3254 subitique
1065 3172 1194 3241 furoris

115 3295 279 3340 accessum
300 3268 449 3356 exprimit
468 3267 645 3353 imaginum
667 3266 805 3328 obscura
823 3284 855 3329 et
874 3268 1008 3331 confusa
1026 3271 1194 3358 signifiea-

117 3378 180 3454 tio,
199 3396 272 3460 quie
289 3370 391 3432 tietdis
407 3367 447 3430 de
466 3368 641 3454 improviso
659 3382 736 3429 suut
751 3367 1000 3456 obortae,atque
1013 3371 1067 3436 illa
1084 3374 1193 3459 fictio,

160 3571 184 3603 1.
206 3550 298 3600 Horat.
316 3548 379 3597 Arte
396 3546 470 3597 Poet.
485 3564 511 3596 v.
532 3545 584 3595 136
601 3561 657 3612 sqq.

158 3652 183 3682 a.
206 3626 349 3683 Walcbius
362 3627 378 3677 Ι.
393 3644 415 3677 c.
431 3646 456 3696 p.
476 3631 524 3689 η’,
541 3642 630 3674 versus
649 3640 683 3672 t·
696 3641 728 3688 tq
751 3641 805 3673 nou
820 3621 910 3675 ‹lecori
926 3623 972 3677 sed
989 3624 1116 3683 dedecori
1133 3652 1191 3687 esee

115 3709 225 3764 carmini
244 3719 336 3778 putat,
355 3724 439 3774 eoque
455 3708 507 3773 jam
528 3703 648 3756 absoluto
666 3720 725 3752 cartu
742 3702 825 3753 triario
841 3702 929 3756 studio
944 3724 959 3758 a
976 3719 1054 3776 poeta
1073 3708 1189 3767 adlictos

113 3806 193 3863 atque
209 3786 283 3859 operi
300 3785 421 3857 adjectos.
