2686 4808
135 359 182 402 ao
458 332 870 400 PROLEGOMENA

132 456 239 545 l'ungis
258 470 289 517 et
311 452 475 541 stipitibus
499 451 600 515 rIsum
622 451 774 514 excutiat.
799 451 879 516 Inde
901 475 1033 541 quoquc
1055 459 1188 521 narratis

130 572 281 620 nascatur
305 575 435 618 necesse
451 568 517 632 est,
534 574 602 615 non
628 575 699 638 quoe
722 551 939 639 simplicitate,
955 555 1153 642 proprietate
1167 576 1188 621 e

132 671 300 720 venustate
309 653 430 718 sensim
438 653 472 714 in
482 652 607 715 animos
617 675 651 716 se
661 651 819 734 insinuat,
831 676 951 741 eosque
965 656 1055 719 molli
1064 656 1188 744 quiden

132 757 188 821 sed
202 773 309 820 tamen
323 752 443 817 efficaci
455 752 609 840 imperio,
625 775 835 841 quocumque
848 754 940 837 velit,
957 753 1071 839 flectit3
1084 778 1188 821 verim

132 881 205 947 quse
217 857 304 920 inani
314 856 489 919 verborum
501 877 633 943 pompa,
641 855 942 943 sententiarumque
953 857 1092 944 strepitu
1104 878 1188 923 aure

132 974 259 1023 tantum
275 957 401 1045 implet,
416 978 474 1020 seu
487 955 595 1044 potius
609 955 774 1038 obtundit,
785 973 818 1021 et
824 956 980 1021 doctrinar
991 957 1188 1023 multiformi

132 1058 361 1138 ostentatione,
370 1073 555 1143 ornatuque
570 1056 718 1144 undique
740 1056 925 1144 conquisito
945 1074 1077 1123 onerata
1101 1058 1187 1149 riget

132 1161 177 1223 Ut
192 1159 319 1223 actione
335 1159 440 1246 aliqua
455 1156 588 1221 inducta
600 1159 741 1222 colorem
756 1159 884 1246 epicum
896 1159 1039 1222 carmina
1054 1159 1187 1223 trahant

132 1260 174 1324 ad
188 1258 371 1342 fastidIum,
386 1259 476 1347 quod
494 1260 528 1322 in
545 1259 709 1347 perpetuis
729 1259 1018 1324 declamationibus
1036 1277 1069 1325 et
1085 1259 1188 1325 deseri

133 1360 300 1449 ptionibus
318 1358 482 1423 auditores
505 1381 618 1447 capere
642 1360 761 1448 possit,
779 1360 986 1437 leniendum,
1004 1360 1188 1425 Claudiana

132 1461 257 1525 ratione
274 1459 380 1524 utitur
404 1483 471 1522 non
495 1482 622 1547 semper
643 1460 744 1541 felici,
760 1461 926 1525 interdum
941 1461 1067 1545 jejuna,
1084 1463 1120 1526 ia
1140 1486 1188 1551 qu

133 1586 257 1652 magnae
273 1562 431 1649 imprimis
450 1562 561 1624 Romae
577 1559 646 1625 deae
668 1579 774 1649 partes
800 1578 894 1642 sunt,
911 1561 1076 1627 interdum
1094 1564 1188 1652 plure

134 1680 226 1728 terrae
249 1663 283 1725 in
301 1684 454 1750 personas
479 1677 629 1743 mutatas,
647 1678 680 1725 et
705 1660 795 1726 fluvii
818 1664 852 1726 in
876 1686 1004 1728 scenam
1022 1662 1188 1752 prodeunt

134 1787 202 1828 non
218 1779 256 1828 ut
271 1779 380 1852 agant,
397 1761 454 1827 sed
466 1779 504 1826 ut
517 1763 697 1844 orationes,
710 1765 743 1826 in
761 1764 898 1852 quibus,
911 1763 1070 1852 quidquid
1086 1762 1188 1855 figura

133 1887 207 1928 rum
221 1878 253 1927 et
267 1861 474 1926 flosculorum
496 1863 613 1926 scholae
633 1864 802 1928 rhetoricae
819 1865 1024 1954 collegerint,
1052 1888 1188 1930 consum

133 1983 228 2054 ptum
240 1987 309 2028 esse
323 1963 547 2045 videtur,cum
562 1965 638 2028 artis
655 1966 886 2047 ostentatione,
896 1983 1052 2053 tanquam
1062 1966 1097 2029 in
1110 1964 1188 2031 audi

134 2068 218 2132 torio
232 2067 341 2154 aliquo
357 2065 522 2131 recitent¹.
538 2067 576 2131 In
589 2081 677 2130 tanta
689 2089 774 2155 saepe
788 2089 917 2148 rerum,
933 2090 1006 2154 quae
1019 2089 1094 2131 vera
1110 2066 1188 2132 laud

135 2170 240 2260 dignae
259 2184 383 2249 essent,
402 2167 527 2256 inopia,
548 2183 597 2232 est
615 2191 708 2250 sane,
728 2166 818 2254 quod
838 2167 980 2249 mireris,
997 2191 1062 2256 qua
1078 2167 1188 2233 ration

37 2341 40 2347 ,
134 2286 228 2359 poeta
238 2268 392 2358 parvis,et
400 2266 565 2331 interdum
577 2268 918 2348 sutilibus,verb0rum
930 2285 962 2332 et
971 2269 1188 2334 sententiarur

138 2393 269 2458 pompa,
288 2368 452 2456 dignitatis
469 2368 607 2454 speciem
627 2367 822 2450 conciliarit,
841 2385 873 2431 et
890 2367 1049 2455 quadam,
1066 2391 1135 2432 non
1151 2368 1188 2434 ad

182 2563 206 2596 1.
220 2543 243 2607 1,
255 2543 291 2612 73
305 2560 361 2612 sqq.
383 2543 468 2593 lloma
481 2540 530 2593 dea
546 2541 697 2607 inducitur,
713 2562 772 2613 qun
785 2544 904 2596 Probino
917 2557 943 2596 et
954 2543 1067 2617 Olybrio
1081 2545 1188 2598 fratribr

141 2622 308 2675 consulatum
326 2621 450 2692 impetret
463 2639 478 2673 a
493 2620 646 2674 Theodosio
659 2623 714 2686 M..
730 2623 775 2693 qui
792 2621 873 2675 modo
886 2624 1034 2694 Eugenium
1050 2621 1083 2675 ad
1099 2624 1188 2695 Alpini

140 2702 241 2756 radices
251 2715 428 2772 superaverat.
446 2703 477 2753 In
486 2702 540 2753 fine
552 2721 577 2755 v.
591 2720 645 2769 ²⁰9
656 2720 713 2771 sqq.
725 2702 868 2754 Tiberinus
877 2722 908 2754 ex
920 2715 996 2755 antro
1006 2723 1054 2756 suo
1064 2703 1188 2757 excitatur

141 2796 171 2836 ut
196 2780 287 2835 laudes
313 2781 425 2834 fratrum
452 2793 547 2845 canat,
571 2781 779 2853 fluminibusque
800 2800 854 2834 suar
880 2780 989 2835 ditionis
1016 2781 1088 2835 diem
1114 2783 1188 2836 festu

143 2860 249 2915 indicat.
272 2862 367 2927 XVII,
387 2861 440 2914 113
459 2880 516 2932 sqq.
533 2860 627 2913 eodem
643 2861 806 2926 ministerio,
823 2880 877 2931 quo
893 2863 976 2912 Roma
992 2880 1086 2933 supra,
1102 2863 1187 2917 Justit

145 2943 275 3013 fungitur,
291 2942 407 3012 caeloque
419 2941 512 2994 relicto
525 2939 558 2992 ad
572 2941 695 2993 Mallium
709 2937 809 3005 tendit,
824 2960 858 2992 ne
868 2960 947 2994 cursu
957 2942 1089 2993 honorum
1102 2956 1188 3012 perrel

146 3024 173 3075 in
193 3023 248 3075 otio
268 3035 452 3085 consenescat,
473 3019 518 3073 sed
534 3039 591 3073 rem
610 3021 743 3091 publicam
763 3038 853 3072 rursus
874 3033 997 3091 capessat.
1020 3022 1081 3072 Non
1101 3033 1188 3092 preste

144 3101 237 3154 eunde
249 3101 395 3154 suntetiam
410 3101 517 3152 Uranie
531 3112 618 3171 partes
634 3099 661 3150 in
674 3097 768 3151 eodem
782 3100 906 3164 carmine,
921 3119 947 3152 v.
965 3119 1021 3170 ²7⁰
1035 3118 1092 3170 sqq.
1107 3118 1188 3153 soror

146 3181 224 3234 aliam
240 3179 272 3233 ad
287 3181 368 3233 aliurn
382 3178 462 3232 deum
481 3180 624 3244 mittentis,
641 3192 716 3232 ntea
735 3179 982 3243 subministrentur,
1003 3198 1061 3250 quae
1080 3178 1115 3231 ad
1134 3178 1188 3233 luda

146 3261 295 3313 consulares
306 3260 450 3312 necessaria
460 3273 529 3312 sunt.
546 3259 682 3324 XXVIII,
701 3265 754 3330 147
765 3278 824 3329 sqq.
840 3257 971 3310 Eridanus
982 3258 1094 3329 fugienti
1106 3259 1188 3312 Alasit

151 3340 274 3403 insultat,
290 3358 305 3391 a
320 3336 452 3390 Naiadum
466 3357 519 3391 una
534 3337 568 3390 ad
582 3339 760 3409 spectaculum
776 3339 852 3390 fracti
866 3339 948 3390 bostis
961 3339 1095 3391 excitatus.
1111 3339 1188 3392 Itern

147 3421 238 3471 Romas
253 3416 308 3471 deas
324 3416 477 3478 mandatur,
494 3438 520 3470 v.
538 3417 593 3471 356
610 3435 667 3488 sqq.
682 3430 712 3470 ut
731 3417 881 3469 Honorium
901 3436 932 3470 ex
950 3419 1074 3471 Ravenna
1093 3417 1123 3469 in
1139 3436 1188 3470 sua

148 3500 242 3550 urbem
251 3498 355 3550 invitet.
365 3496 427 3548 Non
442 3498 521 3549 unius
533 3497 650 3550 numinis
661 3497 809 3548 ministerio
818 3510 894 3567 poeta
904 3508 1043 3549 contentus
1052 3508 1104 3559 est,
1119 3495 1188 3550 XXI

149 3577 187 3629 ibi
201 3577 340 3646 Hispania,
352 3576 451 3639 Gallia,
464 3576 611 3640 Britannia,
627 3576 726 3638 Africa,
739 3576 882 3642 OEnotria,
897 3577 1009 3629 Romam
1024 3574 1101 3628 deam
1117 3574 1188 3630 aden

149 3669 187 3709 tes
199 3653 374 3715 inducuntur,
389 3668 418 3708 ut
428 3655 602 3709 Stilichonem
613 3655 647 3708 ad
657 3654 822 3708 consulatum
834 3656 1031 3727 suscipiendum
1045 3655 1188 3710 adhortetu

151 3736 251 3787 Versus
256 3734 348 3794 finem.
357 3754 384 3787 v.
395 3741 451 3799 Μ
461 3754 518 3806 sqq.
534 3734 579 3787 Sol
593 3734 625 3787 ad
639 3735 779 3806 Temporis
792 3747 897 3788 antrum
907 3736 1091 3806 proficiscitur,
1106 3755 1188 3791 aureo

152 3832 253 3866 annum
268 3813 407 3867 stilichoni
422 3814 559 3868 electurus.
576 3815 680 3880 XXIV,
698 3815 753 3885 ²37
768 3832 824 3885 sqq.
842 3816 926 3868 Diana
938 3816 1070 3888 nymphas
1083 3817 1111 3868 in
1125 3835 1188 3870 omn

150 3905 283 3946 terrarum*
298 3906 386 3964 partes
405 3891 527 3958 dimittit,
550 3892 582 3945 ad
602 3895 670 3947 feras
692 3893 848 3965 capiendas,
868 3915 926 3966 quar
945 3897 1129 3949 consularibus
1147 3894 1188 3949 lnt¹

150 3973 308 4039 inserviant,
323 3985 371 4025 etc.
