2686 4808
140 352 202 397 xvi
326 327 396 396 DE
424 326 671 396 CLAUDlU
700 326 1025 397 CLAUDIANO

135 623 140 640 ¹
179 545 299 610 Pruna
322 544 505 634 Inscriptio
524 553 662 633 reperta
683 542 804 608 Bornoe
821 543 857 607 ia
879 539 959 607 basi
978 563 1171 609 nearmorea

562 645 778 739 praegrandt'.

478 829 532 898 Fl.
554 828 748 915 Stilichoni,
768 833 810 895 V.
833 834 868 899 C.

196 1003 274 1072 «Fl.
303 1004 475 1074 stilichoni
506 1001 727 1072 illustrissimo
755 1007 847 1084 viro,
873 1007 1035 1099 Magistro
1062 1009 1212 1100 equitum

139 1112 369 1206 peditumque,
385 1111 510 1180 Comiti
525 1111 813 1197 Domesticorum,
826 1111 976 1179 Tribuno
992 1115 1213 1200 praetoriano,

139 1232 173 1286 et
202 1218 244 1285 ab
268 1218 403 1285 ineunte
433 1217 529 1284 aetate
561 1242 621 1311 per
648 1218 771 1312 gradus
801 1216 989 1286 clarissimae
1017 1218 1140 1287 militiae
1169 1221 1213 1289 ad

138 1323 294 1393 columen
322 1322 433 1419 gloriae
459 1325 666 1418 sempitemae
689 1337 723 1392 et
745 1325 859 1417 Regia
885 1322 1053 1394 affinitatis
1078 1341 1212 1414 evecto,

137 1422 328 1525 Progenero
343 1431 422 1499 Divi
432 1429 629 1517 Theodosii,
646 1431 768 1499 Comiti
783 1432 863 1499 Divi
879 1430 1056 1501 Theodosii
1069 1434 1213 1526 Augusti

139 1538 173 1604 in
193 1537 349 1606 omnibus
367 1534 461 1605 bellis
483 1551 582 1629 atque
602 1538 767 1618 victoriis,
784 1551 818 1604 et
839 1537 881 1604 ab
901 1562 941 1604 eo
960 1537 994 1604 in
1013 1537 1211 1608 affinitatem

138 1645 277 1738 Regiam
294 1657 466 1738 cooptato,
480 1645 625 1736 itemque
642 1668 759 1712 socero
776 1644 818 1710 D.
837 1643 879 1710 N.
898 1645 1038 1712 Honorii
1052 1646 1211 1739 Augusti,

90 1786 92 1793 >
139 1750 252 1819 Africa
271 1749 415 1820 consiliis
437 1751 507 1849 ejus
527 1765 561 1818 et
581 1751 770 1843 provisione
793 1748 950 1837 liberata,
969 1776 1009 1819 ex
1029 1752 1061 1819 S.
1081 1753 1121 1819 C.
1135 1780 1152 1815 »

163 1938 323 2009 Secunda
342 1943 525 2033 Inscriptio
544 1937 667 2007 ibidem
684 1954 822 2033 reperta
839 1945 874 2006 in
894 1938 971 2007 basi
987 1963 1184 2010 marmorea

532 2064 821 2158 seqrerncfracta.

195 2263 311 2330 «Viro
330 2261 381 2329 bis
403 2260 557 2344 Consuli,
579 2259 748 2328 ordinario
771 2262 933 2353 Magistro
955 2261 1127 2354 utriusque
1147 2266 1209 2331 rni-

136 2366 232 2453 litiae,
259 2367 383 2436 Comiti
407 2368 675 2434 Domesticorum
705 2381 738 2434 et
761 2365 880 2434 stabuli
907 2368 1008 2453 sacri,
1038 2381 1137 2461 atque
1165 2371 1210 2438 ab
1249 2406 1251 2409 ·

136 2475 387 2541 ineunte‘aetate
408 2497 468 2566 per
489 2470 611 2567 gradus
633 2470 820 2571 clarissimae
842 2472 965 2542 militiae
987 2472 1030 2542 ad
1052 2473 1210 2545 columen

135 2580 248 2674 Regiae
264 2577 433 2648 affinitatis
451 2592 586 2665 evecto,
605 2580 695 2648 socio
711 2577 874 2647 bellorum
889 2582 1039 2648 omnium
1057 2596 1090 2649 et
1104 2583 1210 2651 victo·

136 2686 281 2772 riarum,
306 2684 400 2754 affini
428 2685 526 2753 etiarn
552 2687 629 2753 Divi
659 2685 837 2754 Theodosii
868 2686 1029 2779 Augusti,
1061 2688 1209 2782 itemque

136 2817 252 2861 socero
268 2793 404 2861 Domini
414 2793 518 2861 nostri
531 2794 671 2861 Honorii
684 2794 842 2887 Augusti,
857 2787 1004 2886 Populus
1016 2794 1208 2883 Romanus,

134 2924 196 2994 pro
215 2897 373 2993 singulari
393 2899 463 2992 ejus
485 2901 572 2968 circa
592 2925 627 2968 se
643 2923 757 2968 amore
779 2913 878 2993 atque
892 2898 1115 2993 providentia,
1135 2915 1208 2969 sta-

135 3021 284 3075 tuamen
304 3029 369 3074 aere
386 3020 590 3100 argentoque
611 3007 645 3073 in
663 3007 792 3075 Rostris
812 3004 854 3073 ad
877 3005 1070 3073 memoriam
1093 3004 1208 3099 gloriae

135 3114 343 3206 sempiternae
365 3110 592 3181 collocandam
612 3112 767 3181 decrevit.
784 3114 993 3205 Exsequentc
1014 3114 1039 3178 F
1041 3110 1061 3178 l.
1080 3113 1206 3182 Pisidio

132 3218 277 3288 Romulo
292 3220 335 3287 V.
352 3222 390 3288 C·
408 3219 569 3288 Praefecto
585 3219 726 3288 Urbis.»

187 3355 233 3421 Ν.
249 3357 288 3421 Β.
305 3354 496 3447 Sequuntur
513 3353 603 3421 varia
619 3351 661 3420 de
679 3350 864 3420 Claudiano
875 3350 1014 3444 judicia,
1035 3376 1053 3421 e
1069 3351 1206 3423 Gallicis

100 3535 101 3538 Ἴ
134 3458 352 3553 scriptoribus
380 3474 553 3554 excerpta5
577 3458 634 3528 sed
657 3460 743 3526 inter
771 3482 827 3526 eos
853 3457 977 3525 referre
1004 3458 1094 3526 nolui
1120 3484 1205 3554 pau-

125 3566 241 3653 ciora,
259 3590 333 3659 quae
355 3566 396 3634 de
422 3563 509 3634 illius
531 3565 732 3634 carminibus
758 3564 903 3632 breviter
927 3565 1035 3658 attigit
1058 3567 1205 3636 Criticus

133 3673 220 3741 inter
238 3686 369 3741 nostros
388 3653 637 3759 celeberrimus3
651 3665 851 3765 (Lalrurpffi
868 3671 974 3740 coms
992 3670 1035 3739 de
1057 3665 1205 3750 Littera·

134 3793 225 3860 ture,
248 3793 327 3847 tom.
346 3783 383 3866 l,
401 3805 475 3873 pag.
498 3771 593 3872 273)
611 3802 709 3872 quem
726 3776 838 3845 videas
856 3801 957 3871 rogo,
974 3779 1000 3846 si
1019 3777 1098 3871 quid
1112 3802 1206 3848 arro-

134 3887 265 3979 gantius
289 3911 327 3954 ac
350 3889 492 3981 iniquius
518 3888 588 3954 sine
609 3909 728 3971 causa,
747 3886 817 3952 sine
837 3883 1039 3965 rationibus,
1057 3899 1091 3952 et
1111 3888 1205 3977 quasi

135 3990 317 4061 decretoria
340 4019 422 4063 voce
441 3994 694 4088 pronuntiatum
717 3991 825 4085 legere
847 3989 998 4060 volueris.
1018 3993 1080 4059 Eo.
