<?xml version="1.0" encoding="UTF-8"?>
<!DOCTYPE html PUBLIC "-//W3C//DTD XHTML 1.0 Transitional//EN"
    "http://www.w3.org/TR/xhtml1/DTD/xhtml1-transitional.dtd">
<html xmlns="http://www.w3.org/1999/xhtml" xml:lang="en" lang="en">
 <head>
  <title>
</title>
<meta http-equiv="Content-Type" content="text/html;charset=utf-8" />
  <meta name='ocr-system' content='tesseract 3.04.00' />
  <meta name='ocr-capabilities' content='ocr_page ocr_carea ocr_par ocr_line ocrx_word'/>
</head>
<body>
  <div class='ocr_page' id='page_1' title='image "bibliothecaclas77lemagoog_0045.png"; bbox 0 0 2686 4808; ppageno 0'>
   <div class='ocr_carea' id='block_1_1' title="bbox 225 108 950 180">
    <p class='ocr_par' dir='ltr' id='par_1_1' title="bbox 225 108 950 180">
     <span class='ocr_line' id='line_1_1' title="bbox 225 108 950 180; baseline -0.001 0"><span class='ocrx_word' id='word_1_1' title='bbox 225 108 269 180; x_wconf 88' lang='lat'><strong>16</strong></span> <span class='ocrx_word' id='word_1_2' title='bbox 533 110 950 179; x_wconf 82' lang='lat' dir='ltr'><strong>PROLEGOMENA</strong></span> 
     </span>
    </p>
   </div>
   <div class='ocr_carea' id='block_1_2' title="bbox 126 227 1294 1935">
    <p class='ocr_par' dir='ltr' id='par_1_2' title="bbox 126 227 1294 1935">
     <span class='ocr_line' id='line_1_2' title="bbox 126 227 1292 322; baseline 0.009 -31"><span class='ocrx_word' id='word_1_3' title='bbox 126 267 128 271; x_wconf 94' lang='lat'>-</span> <span class='ocrx_word' id='word_1_4' title='bbox 161 261 165 277; x_wconf 92' lang='lat'><em>·</em></span> <span class='ocrx_word' id='word_1_5' title='bbox 218 231 345 319; x_wconf 87' lang='lat' dir='ltr'><strong>busque</strong></span> <span class='ocrx_word' id='word_1_6' title='bbox 356 227 530 309; x_wconf 85' lang='lat' dir='ltr'><strong>majoribus</strong></span> <span class='ocrx_word' id='word_1_7' title='bbox 541 229 1292 322; x_wconf 81' lang='lat' dir='ltr'><strong>carminibus,quibussuntpraefixa‚prolusum</strong></span> 
     </span>
     <span class='ocr_line' id='line_1_3' title="bbox 174 332 1293 424; baseline 0.005 -28"><span class='ocrx_word' id='word_1_8' title='bbox 174 356 178 363; x_wconf 79' lang='grc'><em>’</em></span> <span class='ocrx_word' id='word_1_9' title='bbox 218 348 283 414; x_wconf 87' lang='lat' dir='ltr'><strong>est,</strong></span> <span class='ocrx_word' id='word_1_10' title='bbox 301 347 332 396; x_wconf 90' lang='lat' dir='ltr'><strong>et</strong></span> <span class='ocrx_word' id='word_1_11' title='bbox 354 332 589 410; x_wconf 81' lang='lat' dir='ltr'><strong>Fescennnina,</strong></span> <span class='ocrx_word' id='word_1_12' title='bbox 611 333 752 417; x_wconf 89' lang='lat' dir='ltr'><strong>quorum</strong></span> <span class='ocrx_word' id='word_1_13' title='bbox 776 347 853 394; x_wconf 92' lang='lat' dir='ltr'><strong>sunt</strong></span> <span class='ocrx_word' id='word_1_14' title='bbox 878 346 1028 419; x_wconf 88' lang='lat' dir='ltr'><strong>quatuor.</strong></span> <span class='ocrx_word' id='word_1_15' title='bbox 1053 334 1189 422; x_wconf 82' lang='lat' dir='ltr'><strong>Scripsit</strong></span> <span class='ocrx_word' id='word_1_16' title='bbox 1207 359 1293 424; x_wconf 70' lang='lat' dir='ltr'><strong>prat·</strong></span> 
     </span>
     <span class='ocr_line' id='line_1_4' title="bbox 217 429 1294 524; baseline 0.002 -29"><span class='ocrx_word' id='word_1_17' title='bbox 217 449 304 495; x_wconf 89' lang='lat' dir='ltr'><strong>terea</strong></span> <span class='ocrx_word' id='word_1_18' title='bbox 312 430 509 495; x_wconf 83' lang='lat' dir='ltr'><strong>Claudianus</strong></span> <span class='ocrx_word' id='word_1_19' title='bbox 526 451 655 493; x_wconf 90' lang='lat' dir='ltr'><strong>carmen</strong></span> <span class='ocrx_word' id='word_1_20' title='bbox 671 429 817 518; x_wconf 92' lang='lat' dir='ltr'><strong>epicum,</strong></span> <span class='ocrx_word' id='word_1_21' title='bbox 830 432 877 495; x_wconf 89' lang='lat' dir='ltr'><strong>De</strong></span> <span class='ocrx_word' id='word_1_22' title='bbox 894 447 989 521; x_wconf 84' lang='lat' dir='ltr'><strong>raptu</strong></span> <span class='ocrx_word' id='word_1_23' title='bbox 1004 433 1220 524; x_wconf 66' lang='lat' dir='ltr'><strong>Proserpinae,</strong></span> <span class='ocrx_word' id='word_1_24' title='bbox 1238 461 1294 502; x_wconf 85' lang='lat' dir='ltr'><strong>cu-</strong></span> 
     </span>
     <span class='ocr_line' id='line_1_5' title="bbox 213 531 1293 620; baseline 0.007 -24"><span class='ocrx_word' id='word_1_25' title='bbox 213 532 265 612; x_wconf 87' lang='lat' dir='ltr'><strong>jus</strong></span> <span class='ocrx_word' id='word_1_26' title='bbox 284 548 349 597; x_wconf 88' lang='lat' dir='ltr'><strong>tres</strong></span> <span class='ocrx_word' id='word_1_27' title='bbox 367 532 466 596; x_wconf 88' lang='lat' dir='ltr'><strong>libros</strong></span> <span class='ocrx_word' id='word_1_28' title='bbox 487 531 613 618; x_wconf 85' lang='lat' dir='ltr'><strong>priores</strong></span> <span class='ocrx_word' id='word_1_29' title='bbox 635 531 767 595; x_wconf 88' lang='lat' dir='ltr'><strong>fortuna</strong></span> <span class='ocrx_word' id='word_1_30' title='bbox 791 533 944 614; x_wconf 81' lang='lat' dir='ltr'><strong>servavit3</strong></span> <span class='ocrx_word' id='word_1_31' title='bbox 967 556 1068 620; x_wconf 89' lang='lat' dir='ltr'><strong>porro</strong></span> <span class='ocrx_word' id='word_1_32' title='bbox 1092 535 1183 602; x_wconf 88' lang='lat' dir='ltr'><strong>aliud</strong></span> <span class='ocrx_word' id='word_1_33' title='bbox 1204 539 1293 619; x_wconf 89' lang='lat' dir='ltr'><strong>ejus·</strong></span> 
     </span>
     <span class='ocr_line' id='line_1_6' title="bbox 213 631 1292 728; baseline 0.007 -32"><span class='ocrx_word' id='word_1_34' title='bbox 213 631 290 697; x_wconf 90' lang='lat' dir='ltr'><strong>dem</strong></span> <span class='ocrx_word' id='word_1_35' title='bbox 308 632 451 722; x_wconf 88' lang='lat' dir='ltr'><strong>generis,</strong></span> <span class='ocrx_word' id='word_1_36' title='bbox 468 631 739 718; x_wconf 68' lang='lat' dir='ltr'><strong>Gegantomnclu‘n</strong></span> <span class='ocrx_word' id='word_1_37' title='bbox 756 632 970 720; x_wconf 91' lang='lat' dir='ltr'><strong>inscriptum,</strong></span> <span class='ocrx_word' id='word_1_38' title='bbox 985 635 1076 715; x_wconf 84' lang='lat' dir='ltr'><strong>cujus</strong></span> <span class='ocrx_word' id='word_1_39' title='bbox 1090 638 1292 728; x_wconf 87' lang='lat' dir='ltr'><strong>principium</strong></span> 
     </span>
     <span class='ocr_line' id='line_1_7' title="bbox 215 734 1294 826; baseline 0.007 -28"><span class='ocrx_word' id='word_1_40' title='bbox 215 749 342 798; x_wconf 89' lang='lat' dir='ltr'><strong>tantum</strong></span> <span class='ocrx_word' id='word_1_41' title='bbox 360 748 480 814; x_wconf 79' lang='lat' dir='ltr'><strong>exstat,</strong></span> <span class='ocrx_word' id='word_1_42' title='bbox 504 749 533 797; x_wconf 88' lang='lat' dir='ltr'><strong>et</strong></span> <span class='ocrx_word' id='word_1_43' title='bbox 552 734 772 821; x_wconf 79' lang='lat' dir='ltr'><strong>fragmentum</strong></span> <span class='ocrx_word' id='word_1_44' title='bbox 794 756 812 795; x_wconf 87' lang='lat' dir='ltr'><strong>e</strong></span> <span class='ocrx_word' id='word_1_45' title='bbox 836 734 978 798; x_wconf 81' lang='lat' dir='ltr'><strong>carmine</strong></span> <span class='ocrx_word' id='word_1_46' title='bbox 997 759 1119 825; x_wconf 85' lang='lat' dir='ltr'><strong>graeco,</strong></span> <span class='ocrx_word' id='word_1_47' title='bbox 1148 761 1236 826; x_wconf 92' lang='lat' dir='ltr'><strong>quo,</strong></span> <span class='ocrx_word' id='word_1_48' title='bbox 1254 757 1294 806; x_wconf 93' lang='lat' dir='ltr'><strong>ut</strong></span> 
     </span>
     <span class='ocr_line' id='line_1_8' title="bbox 214 833 1294 928; baseline 0.01 -31"><span class='ocrx_word' id='word_1_49' title='bbox 214 835 347 915; x_wconf 83' lang='lat' dir='ltr'><strong>volunt,</strong></span> <span class='ocrx_word' id='word_1_50' title='bbox 371 833 495 898; x_wconf 92' lang='lat' dir='ltr'><strong>bellum</strong></span> <span class='ocrx_word' id='word_1_51' title='bbox 521 833 659 898; x_wconf 90' lang='lat' dir='ltr'><strong>deorum</strong></span> <span class='ocrx_word' id='word_1_52' title='bbox 681 850 795 897; x_wconf 89' lang='lat' dir='ltr'><strong>eontra</strong></span> <span class='ocrx_word' id='word_1_53' title='bbox 827 835 973 923; x_wconf 88' lang='lat' dir='ltr'><strong>gigantes</strong></span> <span class='ocrx_word' id='word_1_54' title='bbox 999 853 1067 902; x_wconf 87' lang='lat' dir='ltr'><strong>erat</strong></span> <span class='ocrx_word' id='word_1_55' title='bbox 1093 841 1294 928; x_wconf 84' lang='lat' dir='ltr'><strong>expositum.</strong></span> 
     </span>
     <span class='ocr_line' id='line_1_9' title="bbox 214 933 1294 1023; baseline 0.007 -24"><span class='ocrx_word' id='word_1_56' title='bbox 214 937 403 1022; x_wconf 85' lang='lat' dir='ltr'><strong>Sequuntur</strong></span> <span class='ocrx_word' id='word_1_57' title='bbox 431 933 574 1022; x_wconf 89' lang='lat' dir='ltr'><strong>epistolae</strong></span> <span class='ocrx_word' id='word_1_58' title='bbox 600 934 768 1021; x_wconf 90' lang='lat' dir='ltr'><strong>quinque,</strong></span> <span class='ocrx_word' id='word_1_59' title='bbox 797 934 980 1023; x_wconf 79' lang='lat' dir='ltr'><strong>Deprecatio</strong></span> <span class='ocrx_word' id='word_1_60' title='bbox 1008 937 1057 1000; x_wconf 86' lang='lat' dir='ltr'><strong>ad</strong></span> <span class='ocrx_word' id='word_1_61' title='bbox 1082 938 1294 1007; x_wconf 65' lang='lat' dir='ltr'><strong>Hadrianum</strong></span> 
     </span>
     <span class='ocr_line' id='line_1_10' title="bbox 206 1035 1292 1125; baseline 0.001 -26"><span class='ocrx_word' id='word_1_62' title='bbox 206 1035 397 1125; x_wconf 79' lang='lat' dir='ltr'><strong>prcefeemm</strong></span> <span class='ocrx_word' id='word_1_63' title='bbox 409 1037 579 1125; x_wconf 71' lang='lat' dir='ltr'><strong>praetorio,</strong></span> <span class='ocrx_word' id='word_1_64' title='bbox 596 1035 645 1099; x_wconf 89' lang='lat' dir='ltr'><strong>ad</strong></span> <span class='ocrx_word' id='word_1_65' title='bbox 661 1035 829 1114; x_wconf 77' lang='lat' dir='ltr'><strong>Serenam,</strong></span> <span class='ocrx_word' id='word_1_66' title='bbox 848 1037 897 1098; x_wconf 88' lang='lat' dir='ltr'><strong>ad</strong></span> <span class='ocrx_word' id='word_1_67' title='bbox 915 1036 1102 1121; x_wconf 80' lang='lat' dir='ltr'><strong>Olybrium,</strong></span> <span class='ocrx_word' id='word_1_68' title='bbox 1132 1039 1183 1103; x_wconf 86' lang='lat' dir='ltr'><strong>ad</strong></span> <span class='ocrx_word' id='word_1_69' title='bbox 1205 1041 1292 1107; x_wconf 81' lang='lat' dir='ltr'><strong>Pro-</strong></span> 
     </span>
     <span class='ocr_line' id='line_1_11' title="bbox 214 1136 1293 1231; baseline 0.008 -31"><span class='ocrx_word' id='word_1_70' title='bbox 214 1138 321 1216; x_wconf 72' lang='lat' dir='ltr'><strong>binum</strong></span> <span class='ocrx_word' id='word_1_71' title='bbox 332 1151 370 1202; x_wconf 83' lang='lat' dir='ltr'><strong>nt</strong></span> <span class='ocrx_word' id='word_1_72' title='bbox 379 1137 497 1200; x_wconf 66' lang='lat' dir='ltr'><strong>sordet</strong></span> <span class='ocrx_word' id='word_1_73' title='bbox 501 1184 512 1218; x_wconf 94' lang='lat'><strong>,</strong></span> <span class='ocrx_word' id='word_1_74' title='bbox 523 1136 571 1199; x_wconf 85' lang='lat' dir='ltr'><strong>ad</strong></span> <span class='ocrx_word' id='word_1_75' title='bbox 581 1136 783 1201; x_wconf 77' lang='lat' dir='ltr'><strong>Gennadium</strong></span> <span class='ocrx_word' id='word_1_76' title='bbox 793 1160 838 1200; x_wconf 77' lang='lat' dir='ltr'><strong>ex</strong></span> <span class='ocrx_word' id='word_1_77' title='bbox 841 1138 1039 1226; x_wconf 85' lang='lat' dir='ltr'><strong>proconsule.</strong></span> <span class='ocrx_word' id='word_1_78' title='bbox 1053 1141 1140 1204; x_wconf 86' lang='lat' dir='ltr'><strong>Tum</strong></span> <span class='ocrx_word' id='word_1_79' title='bbox 1148 1141 1293 1231; x_wconf 84' lang='lat' dir='ltr'><strong>Eidyllia</strong></span> 
     </span>
     <span class='ocr_line' id='line_1_12' title="bbox 215 1237 1292 1333; baseline 0.006 -30"><span class='ocrx_word' id='word_1_80' title='bbox 215 1254 357 1328; x_wconf 83' lang='lat' dir='ltr'><strong>septem,</strong></span> <span class='ocrx_word' id='word_1_81' title='bbox 373 1237 538 1318; x_wconf 57' lang='lat' dir='ltr'><strong>Placentia,</strong></span> <span class='ocrx_word' id='word_1_82' title='bbox 550 1237 702 1322; x_wconf 73' lang='lat' dir='ltr'><strong>Hystn&#39;sc,</strong></span> <span class='ocrx_word' id='word_1_83' title='bbox 720 1238 877 1326; x_wconf 82' lang='lat' dir='ltr'><strong>Torpedo,</strong></span> <span class='ocrx_word' id='word_1_84' title='bbox 892 1238 1002 1321; x_wconf 83' lang='lat' dir='ltr'><strong>Nilus,</strong></span> <span class='ocrx_word' id='word_1_85' title='bbox 1023 1241 1179 1328; x_wconf 80' lang='lat' dir='ltr'><strong>Magnes,</strong></span> <span class='ocrx_word' id='word_1_86' title='bbox 1196 1247 1292 1333; x_wconf 83' lang='lat' dir='ltr'><strong>Apo·</strong></span> 
     </span>
     <span class='ocr_line' id='line_1_13' title="bbox 214 1337 1292 1429; baseline 0.005 -26"><span class='ocrx_word' id='word_1_87' title='bbox 214 1363 292 1423; x_wconf 74' lang='lat' dir='ltr'><strong>nus,</strong></span> <span class='ocrx_word' id='word_1_88' title='bbox 311 1340 359 1404; x_wconf 91' lang='lat' dir='ltr'><strong>De</strong></span> <span class='ocrx_word' id='word_1_89' title='bbox 364 1341 429 1428; x_wconf 86' lang='lat' dir='ltr'><strong>piis</strong></span> <span class='ocrx_word' id='word_1_90' title='bbox 428 1337 593 1426; x_wconf 77' lang='lat' dir='ltr'><strong>fratribus</strong></span> <span class='ocrx_word' id='word_1_91' title='bbox 606 1353 636 1402; x_wconf 86' lang='lat' dir='ltr'><strong>et</strong></span> <span class='ocrx_word' id='word_1_92' title='bbox 653 1361 759 1402; x_wconf 86' lang='lat' dir='ltr'><strong>eornm</strong></span> <span class='ocrx_word' id='word_1_93' title='bbox 772 1339 901 1419; x_wconf 80' lang='lat' dir='ltr'><strong>statuis,</strong></span> <span class='ocrx_word' id='word_1_94' title='bbox 918 1355 1078 1427; x_wconf 69' lang='lat' dir='ltr'><strong>quaesunt</strong></span> <span class='ocrx_word' id='word_1_95' title='bbox 1093 1342 1183 1429; x_wconf 81' lang='lat' dir='ltr'><strong>apud</strong></span> <span class='ocrx_word' id='word_1_96' title='bbox 1198 1340 1292 1409; x_wconf 79' lang='lat' dir='ltr'><strong>Cati-</strong></span> 
     </span>
     <span class='ocr_line' id='line_1_14' title="bbox 214 1438 1290 1528; baseline 0.006 -22"><span class='ocrx_word' id='word_1_97' title='bbox 214 1465 300 1507; x_wconf 78' lang='lat' dir='ltr'><strong>nana</strong></span> <span class='ocrx_word' id='word_1_98' title='bbox 317 1438 464 1507; x_wconf 80' lang='lat' dir='ltr'><strong>Tandem</strong></span> <span class='ocrx_word' id='word_1_99' title='bbox 481 1439 717 1528; x_wconf 83' lang='lat' dir='ltr'><strong>quinquaginta</strong></span> <span class='ocrx_word' id='word_1_100' title='bbox 736 1440 984 1528; x_wconf 87' lang='lat' dir='ltr'><strong>epigrammata,</strong></span> <span class='ocrx_word' id='word_1_101' title='bbox 1003 1442 1068 1505; x_wconf 93' lang='lat' dir='ltr'><strong>hoc</strong></span> <span class='ocrx_word' id='word_1_102' title='bbox 1084 1443 1172 1509; x_wconf 90' lang='lat' dir='ltr'><strong>enirn</strong></span> <span class='ocrx_word' id='word_1_103' title='bbox 1189 1444 1290 1512; x_wconf 83' lang='lat' dir='ltr'><strong>tittdo</strong></span> 
     </span>
     <span class='ocr_line' id='line_1_15' title="bbox 214 1540 1290 1632; baseline 0 -26"><span class='ocrx_word' id='word_1_104' title='bbox 214 1565 312 1631; x_wconf 86' lang='lat' dir='ltr'><strong>parva</strong></span> <span class='ocrx_word' id='word_1_105' title='bbox 327 1541 470 1605; x_wconf 90' lang='lat' dir='ltr'><strong>carmina</strong></span> <span class='ocrx_word' id='word_1_106' title='bbox 483 1541 561 1605; x_wconf 85' lang='lat' dir='ltr'><strong>varii</strong></span> <span class='ocrx_word' id='word_1_107' title='bbox 577 1540 760 1630; x_wconf 88' lang='lat' dir='ltr'><strong>argumenti</strong></span> <span class='ocrx_word' id='word_1_108' title='bbox 778 1556 811 1603; x_wconf 89' lang='lat' dir='ltr'><strong>et</strong></span> <span class='ocrx_word' id='word_1_109' title='bbox 825 1540 938 1628; x_wconf 87' lang='lat' dir='ltr'><strong>pretii,</strong></span> <span class='ocrx_word' id='word_1_110' title='bbox 953 1541 1051 1605; x_wconf 90' lang='lat' dir='ltr'><strong>etiam</strong></span> <span class='ocrx_word' id='word_1_111' title='bbox 1071 1565 1174 1631; x_wconf 78' lang='lat' dir='ltr'><strong>graeea</strong></span> <span class='ocrx_word' id='word_1_112' title='bbox 1198 1567 1290 1632; x_wconf 53' lang='lat' dir='ltr'><strong>quaa</strong></span> 
     </span>
     <span class='ocr_line' id='line_1_16' title="bbox 216 1641 1289 1734; baseline 0.003 -26"><span class='ocrx_word' id='word_1_113' title='bbox 216 1641 659 1731; x_wconf 87' lang='lat' dir='ltr'><strong>dam,comprehenduntur,</strong></span> <span class='ocrx_word' id='word_1_114' title='bbox 670 1664 811 1729; x_wconf 91' lang='lat' dir='ltr'><strong>quorum</strong></span> <span class='ocrx_word' id='word_1_115' title='bbox 829 1643 982 1731; x_wconf 86' lang='lat' dir='ltr'><strong>pleraque</strong></span> <span class='ocrx_word' id='word_1_116' title='bbox 993 1643 1171 1710; x_wconf 88' lang='lat' dir='ltr'><strong>Claudiano</strong></span> <span class='ocrx_word' id='word_1_117' title='bbox 1189 1668 1289 1734; x_wconf 89' lang='lat' dir='ltr'><strong>pror·</strong></span> 
     </span>
     <span class='ocr_line' id='line_1_17' title="bbox 214 1742 1288 1834; baseline 0.002 -24"><span class='ocrx_word' id='word_1_118' title='bbox 214 1746 268 1810; x_wconf 87' lang='lat' dir='ltr'><strong>sus</strong></span> <span class='ocrx_word' id='word_1_119' title='bbox 287 1742 419 1834; x_wconf 88' lang='lat' dir='ltr'><strong>indigna</strong></span> <span class='ocrx_word' id='word_1_120' title='bbox 435 1760 523 1810; x_wconf 81' lang='lat' dir='ltr'><strong>sunt.</strong></span> <span class='ocrx_word' id='word_1_121' title='bbox 552 1744 609 1808; x_wconf 89' lang='lat' dir='ltr'><strong>His</strong></span> <span class='ocrx_word' id='word_1_122' title='bbox 635 1743 788 1808; x_wconf 87' lang='lat' dir='ltr'><strong>omnibus</strong></span> <span class='ocrx_word' id='word_1_123' title='bbox 811 1742 943 1832; x_wconf 91' lang='lat' dir='ltr'><strong>adjungi</strong></span> <span class='ocrx_word' id='word_1_124' title='bbox 960 1745 1042 1807; x_wconf 89' lang='lat' dir='ltr'><strong>solet</strong></span> <span class='ocrx_word' id='word_1_125' title='bbox 1065 1745 1288 1833; x_wconf 83' lang='lat' dir='ltr'><strong>fragmentum</strong></span> 
     </span>
     <span class='ocr_line' id='line_1_18' title="bbox 213 1843 1074 1935; baseline -0.003 -23"><span class='ocrx_word' id='word_1_126' title='bbox 213 1864 316 1935; x_wconf 77' lang='lat' dir='ltr'><strong>poetae</strong></span> <span class='ocrx_word' id='word_1_127' title='bbox 329 1846 505 1934; x_wconf 83' lang='lat' dir='ltr'><strong>anonymi,</strong></span> <span class='ocrx_word' id='word_1_128' title='bbox 522 1843 612 1933; x_wconf 92' lang='lat' dir='ltr'><strong>quod</strong></span> <span class='ocrx_word' id='word_1_129' title='bbox 624 1845 749 1909; x_wconf 82' lang='lat' dir='ltr'><strong>Laudes</strong></span> <span class='ocrx_word' id='word_1_130' title='bbox 763 1844 906 1910; x_wconf 77' lang='lat' dir='ltr'><strong>Herculis</strong></span> <span class='ocrx_word' id='word_1_131' title='bbox 918 1845 1074 1909; x_wconf 90' lang='lat' dir='ltr'><strong>continet.</strong></span> 
     </span>
    </p>
   </div>
   <div class='ocr_carea' id='block_1_3' title="bbox 425 2033 1074 2115">
    <p class='ocr_par' dir='ltr' id='par_1_3' title="bbox 425 2033 1074 2115">
     <span class='ocr_line' id='line_1_19' title="bbox 425 2033 1074 2115; baseline -0.003 0"><span class='ocrx_word' id='word_1_132' title='bbox 425 2046 676 2115; x_wconf 82' lang='lat' dir='ltr'><strong>CARMINA</strong></span> <span class='ocrx_word' id='word_1_133' title='bbox 710 2033 1074 2113; x_wconf 71' lang='lat' dir='ltr'><strong>PANEGYRICA.¹</strong></span> 
     </span>
    </p>
   </div>
   <div class='ocr_carea' id='block_1_4' title="bbox 204 2229 1288 3832">
    <p class='ocr_par' dir='ltr' id='par_1_4' title="bbox 204 2229 1288 3832">
     <span class='ocr_line' id='line_1_20' title="bbox 256 2229 1288 2320; baseline 0.003 -22"><span class='ocrx_word' id='word_1_134' title='bbox 256 2235 403 2298; x_wconf 90' lang='lat' dir='ltr'><strong>Primum</strong></span> <span class='ocrx_word' id='word_1_135' title='bbox 417 2233 516 2320; x_wconf 91' lang='lat' dir='ltr'><strong>igitur</strong></span> <span class='ocrx_word' id='word_1_136' title='bbox 529 2253 661 2318; x_wconf 82' lang='lat' dir='ltr'><strong>agemus</strong></span> <span class='ocrx_word' id='word_1_137' title='bbox 673 2229 714 2292; x_wconf 93' lang='lat' dir='ltr'><strong>de</strong></span> <span class='ocrx_word' id='word_1_138' title='bbox 726 2230 868 2293; x_wconf 88' lang='lat' dir='ltr'><strong>carmine</strong></span> <span class='ocrx_word' id='word_1_139' title='bbox 880 2232 1090 2320; x_wconf 81' lang='lat' dir='ltr'><strong>panegyrico,</strong></span> <span class='ocrx_word' id='word_1_140' title='bbox 1101 2231 1288 2300; x_wconf 85' lang='lat' dir='ltr'><strong>videamus·</strong></span> 
     </span>
     <span class='ocr_line' id='line_1_21' title="bbox 213 2329 1287 2424; baseline 0.002 -25"><span class='ocrx_word' id='word_1_141' title='bbox 213 2358 293 2424; x_wconf 90' lang='lat' dir='ltr'><strong>que,</strong></span> <span class='ocrx_word' id='word_1_142' title='bbox 303 2333 472 2422; x_wconf 91' lang='lat' dir='ltr'><strong>quomodo</strong></span> <span class='ocrx_word' id='word_1_143' title='bbox 481 2347 577 2420; x_wconf 85' lang='lat' dir='ltr'><strong>poeta</strong></span> <span class='ocrx_word' id='word_1_144' title='bbox 585 2331 618 2393; x_wconf 91' lang='lat' dir='ltr'><strong>in</strong></span> <span class='ocrx_word' id='word_1_145' title='bbox 627 2354 666 2394; x_wconf 91' lang='lat' dir='ltr'><strong>eo</strong></span> <span class='ocrx_word' id='word_1_146' title='bbox 679 2329 870 2395; x_wconf 86' lang='lat' dir='ltr'><strong>adornando</strong></span> <span class='ocrx_word' id='word_1_147' title='bbox 880 2351 1023 2398; x_wconf 86' lang='lat' dir='ltr'><strong>versatus</strong></span> <span class='ocrx_word' id='word_1_148' title='bbox 1033 2334 1092 2412; x_wconf 89' lang='lat' dir='ltr'><strong>sit,</strong></span> <span class='ocrx_word' id='word_1_149' title='bbox 1101 2334 1146 2398; x_wconf 86' lang='lat' dir='ltr'><strong>ita</strong></span> <span class='ocrx_word' id='word_1_150' title='bbox 1155 2350 1287 2419; x_wconf 71' lang='lat' dir='ltr'><strong>minen,</strong></span> 
     </span>
     <span class='ocr_line' id='line_1_22' title="bbox 213 2431 1286 2520; baseline 0.005 -21"><span class='ocrx_word' id='word_1_151' title='bbox 213 2451 250 2499; x_wconf 91' lang='lat' dir='ltr'><strong>ut</strong></span> <span class='ocrx_word' id='word_1_152' title='bbox 262 2457 336 2498; x_wconf 90' lang='lat' dir='ltr'><strong>eum</strong></span> <span class='ocrx_word' id='word_1_153' title='bbox 351 2456 418 2497; x_wconf 92' lang='lat' dir='ltr'><strong>non</strong></span> <span class='ocrx_word' id='word_1_154' title='bbox 432 2431 474 2496; x_wconf 91' lang='lat' dir='ltr'><strong>ad</strong></span> <span class='ocrx_word' id='word_1_155' title='bbox 486 2449 588 2497; x_wconf 85' lang='lat' dir='ltr'><strong>certas</strong></span> <span class='ocrx_word' id='word_1_156' title='bbox 599 2432 685 2520; x_wconf 88' lang='lat' dir='ltr'><strong>leges</strong></span> <span class='ocrx_word' id='word_1_157' title='bbox 696 2448 727 2494; x_wconf 90' lang='lat' dir='ltr'><strong>et</strong></span> <span class='ocrx_word' id='word_1_158' title='bbox 741 2432 914 2515; x_wconf 88' lang='lat' dir='ltr'><strong>formulas,</strong></span> <span class='ocrx_word' id='word_1_159' title='bbox 928 2456 968 2498; x_wconf 89' lang='lat' dir='ltr'><strong>ex</strong></span> <span class='ocrx_word' id='word_1_160' title='bbox 983 2435 1117 2499; x_wconf 90' lang='lat' dir='ltr'><strong>notione</strong></span> <span class='ocrx_word' id='word_1_161' title='bbox 1130 2439 1286 2503; x_wconf 80' lang='lat' dir='ltr'><strong>carminis</strong></span> 
     </span>
     <span class='ocr_line' id='line_1_23' title="bbox 213 2533 1288 2624; baseline 0.003 -24"><span class='ocrx_word' id='word_1_162' title='bbox 213 2538 247 2600; x_wconf 93' lang='lat' dir='ltr'><strong>in</strong></span> <span class='ocrx_word' id='word_1_163' title='bbox 266 2537 331 2602; x_wconf 90' lang='lat' dir='ltr'><strong>hoc</strong></span> <span class='ocrx_word' id='word_1_164' title='bbox 347 2557 463 2624; x_wconf 86' lang='lat' dir='ltr'><strong>genere</strong></span> <span class='ocrx_word' id='word_1_165' title='bbox 485 2533 639 2621; x_wconf 90' lang='lat' dir='ltr'><strong>perfecti,</strong></span> <span class='ocrx_word' id='word_1_166' title='bbox 656 2555 753 2619; x_wconf 88' lang='lat' dir='ltr'><strong>quam</strong></span> <span class='ocrx_word' id='word_1_167' title='bbox 773 2549 882 2597; x_wconf 88' lang='lat' dir='ltr'><strong>mente</strong></span> <span class='ocrx_word' id='word_1_168' title='bbox 905 2534 1013 2597; x_wconf 83' lang='lat' dir='ltr'><strong>forsan</strong></span> <span class='ocrx_word' id='word_1_169' title='bbox 1036 2552 1069 2599; x_wconf 88' lang='lat' dir='ltr'><strong>et</strong></span> <span class='ocrx_word' id='word_1_170' title='bbox 1085 2535 1288 2623; x_wconf 80' lang='lat' dir='ltr'><strong>cogitatione</strong></span> 
     </span>
     <span class='ocr_line' id='line_1_24' title="bbox 212 2635 1286 2727; baseline 0 -24"><span class='ocrx_word' id='word_1_171' title='bbox 212 2637 419 2727; x_wconf 88' lang='lat' dir='ltr'><strong>conceperis,</strong></span> <span class='ocrx_word' id='word_1_172' title='bbox 437 2635 613 2714; x_wconf 89' lang='lat' dir='ltr'><strong>deductas,</strong></span> <span class='ocrx_word' id='word_1_173' title='bbox 640 2635 813 2724; x_wconf 86' lang='lat' dir='ltr'><strong>exigamus.</strong></span> <span class='ocrx_word' id='word_1_174' title='bbox 833 2637 872 2697; x_wconf 91' lang='lat' dir='ltr'><strong>ln</strong></span> <span class='ocrx_word' id='word_1_175' title='bbox 894 2635 960 2699; x_wconf 92' lang='lat' dir='ltr'><strong>hoc</strong></span> <span class='ocrx_word' id='word_1_176' title='bbox 978 2635 1120 2699; x_wconf 81' lang='lat' dir='ltr'><strong>carmine</strong></span> <span class='ocrx_word' id='word_1_177' title='bbox 1143 2635 1232 2719; x_wconf 73' lang='lat' dir='ltr'><strong>ejus,</strong></span> <span class='ocrx_word' id='word_1_178' title='bbox 1248 2638 1286 2703; x_wconf 91' lang='lat' dir='ltr'><strong>in</strong></span> 
     </span>
     <span class='ocr_line' id='line_1_25' title="bbox 213 2734 1285 2831; baseline -0.003 -27"><span class='ocrx_word' id='word_1_179' title='bbox 213 2741 304 2821; x_wconf 87' lang='lat' dir='ltr'><strong>cujus</strong></span> <span class='ocrx_word' id='word_1_180' title='bbox 320 2741 479 2831; x_wconf 67' lang='lat' dir='ltr'><strong>honorem</strong></span> <span class='ocrx_word' id='word_1_181' title='bbox 506 2735 660 2823; x_wconf 89' lang='lat' dir='ltr'><strong>scriptum</strong></span> <span class='ocrx_word' id='word_1_182' title='bbox 686 2751 751 2816; x_wconf 87' lang='lat' dir='ltr'><strong>est,</strong></span> <span class='ocrx_word' id='word_1_183' title='bbox 774 2758 876 2825; x_wconf 90' lang='lat' dir='ltr'><strong>genus</strong></span> <span class='ocrx_word' id='word_1_184' title='bbox 898 2752 930 2799; x_wconf 85' lang='lat' dir='ltr'><strong>et</strong></span> <span class='ocrx_word' id='word_1_185' title='bbox 952 2736 1072 2799; x_wconf 85' lang='lat' dir='ltr'><strong>natales</strong></span> <span class='ocrx_word' id='word_1_186' title='bbox 1089 2734 1285 2831; x_wconf 82' lang='lat' dir='ltr'><strong>laudantur,</strong></span> 
     </span>
     <span class='ocr_line' id='line_1_26' title="bbox 212 2831 1284 2925; baseline 0.002 -22"><span class='ocrx_word' id='word_1_187' title='bbox 212 2839 372 2904; x_wconf 88' lang='lat' dir='ltr'><strong>institutio</strong></span> <span class='ocrx_word' id='word_1_188' title='bbox 391 2854 428 2902; x_wconf 68' lang='lat' dir='ltr'><strong>‘et</strong></span> <span class='ocrx_word' id='word_1_189' title='bbox 450 2836 618 2925; x_wconf 88' lang='lat' dir='ltr'><strong>disciplina</strong></span> <span class='ocrx_word' id='word_1_190' title='bbox 642 2831 793 2924; x_wconf 86' lang='lat' dir='ltr'><strong>puerilis,</strong></span> <span class='ocrx_word' id='word_1_191' title='bbox 816 2834 921 2900; x_wconf 88' lang='lat' dir='ltr'><strong>studia</strong></span> <span class='ocrx_word' id='word_1_192' title='bbox 940 2836 1136 2920; x_wconf 88' lang='lat' dir='ltr'><strong>juventutis,</strong></span> <span class='ocrx_word' id='word_1_193' title='bbox 1154 2861 1284 2924; x_wconf 87' lang='lat' dir='ltr'><strong>mores,</strong></span> 
     </span>
     <span class='ocr_line' id='line_1_27' title="bbox 210 2935 1284 3030; baseline 0 -26"><span class='ocrx_word' id='word_1_194' title='bbox 210 2964 261 3005; x_wconf 88' lang='lat' dir='ltr'><strong>res</strong></span> <span class='ocrx_word' id='word_1_195' title='bbox 280 2957 395 3030; x_wconf 71' lang='lat' dir='ltr'><strong>gestae,</strong></span> <span class='ocrx_word' id='word_1_196' title='bbox 413 2937 579 3027; x_wconf 89' lang='lat' dir='ltr'><strong>dignitatis</strong></span> <span class='ocrx_word' id='word_1_197' title='bbox 595 2937 731 3027; x_wconf 83' lang='lat' dir='ltr'><strong>gradus,</strong></span> <span class='ocrx_word' id='word_1_198' title='bbox 748 2959 806 3023; x_wconf 89' lang='lat' dir='ltr'><strong>per</strong></span> <span class='ocrx_word' id='word_1_199' title='bbox 826 2959 907 3023; x_wconf 92' lang='lat' dir='ltr'><strong>quos</strong></span> <span class='ocrx_word' id='word_1_200' title='bbox 921 2935 962 3000; x_wconf 92' lang='lat' dir='ltr'><strong>ad</strong></span> <span class='ocrx_word' id='word_1_201' title='bbox 975 2959 1120 3001; x_wconf 89' lang='lat' dir='ltr'><strong>summos</strong></span> <span class='ocrx_word' id='word_1_202' title='bbox 1136 2937 1284 3030; x_wconf 86' lang='lat' dir='ltr'><strong>honores</strong></span> 
     </span>
     <span class='ocr_line' id='line_1_28' title="bbox 208 3036 1283 3126; baseline 0.001 -21"><span class='ocrx_word' id='word_1_203' title='bbox 208 3040 399 3106; x_wconf 87' lang='lat' dir='ltr'><strong>ascenderit.</strong></span> <span class='ocrx_word' id='word_1_204' title='bbox 422 3039 582 3126; x_wconf 85' lang='lat' dir='ltr'><strong>Principia</strong></span> <span class='ocrx_word' id='word_1_205' title='bbox 602 3039 708 3101; x_wconf 88' lang='lat' dir='ltr'><strong>solent</strong></span> <span class='ocrx_word' id='word_1_206' title='bbox 734 3060 774 3100; x_wconf 84' lang='lat' dir='ltr'><strong>ex</strong></span> <span class='ocrx_word' id='word_1_207' title='bbox 796 3037 834 3100; x_wconf 90' lang='lat' dir='ltr'><strong>iis</strong></span> <span class='ocrx_word' id='word_1_208' title='bbox 860 3036 953 3118; x_wconf 90' lang='lat' dir='ltr'><strong>duci,</strong></span> <span class='ocrx_word' id='word_1_209' title='bbox 982 3061 1054 3126; x_wconf 87' lang='lat' dir='ltr'><strong>quae</strong></span> <span class='ocrx_word' id='word_1_210' title='bbox 1080 3039 1283 3106; x_wconf 86' lang='lat' dir='ltr'><strong>carminibus</strong></span> 
     </span>
     <span class='ocr_line' id='line_1_29' title="bbox 209 3136 1282 3229; baseline 0.002 -24"><span class='ocrx_word' id='word_1_211' title='bbox 209 3142 412 3205; x_wconf 88' lang='lat' dir='ltr'><strong>occasionem</strong></span> <span class='ocrx_word' id='word_1_212' title='bbox 422 3139 647 3229; x_wconf 78' lang='lat' dir='ltr'><strong>praebuerunt,</strong></span> <span class='ocrx_word' id='word_1_213' title='bbox 660 3154 693 3203; x_wconf 92' lang='lat' dir='ltr'><strong>et</strong></span> <span class='ocrx_word' id='word_1_214' title='bbox 702 3138 778 3202; x_wconf 90' lang='lat' dir='ltr'><strong>illuc</strong></span> <span class='ocrx_word' id='word_1_215' title='bbox 787 3138 882 3202; x_wconf 90' lang='lat' dir='ltr'><strong>etiam</strong></span> <span class='ocrx_word' id='word_1_216' title='bbox 895 3136 975 3202; x_wconf 86' lang='lat' dir='ltr'><strong>fines</strong></span> <span class='ocrx_word' id='word_1_217' title='bbox 985 3155 1138 3226; x_wconf 89' lang='lat' dir='ltr'><strong>spectare.</strong></span> <span class='ocrx_word' id='word_1_218' title='bbox 1147 3139 1282 3207; x_wconf 78' lang='lat' dir='ltr'><strong>Eaedem</strong></span> 
     </span>
     <span class='ocr_line' id='line_1_30' title="bbox 209 3239 1282 3331; baseline 0.005 -27"><span class='ocrx_word' id='word_1_219' title='bbox 209 3243 309 3331; x_wconf 89' lang='lat' dir='ltr'><strong>igitur</strong></span> <span class='ocrx_word' id='word_1_220' title='bbox 332 3266 383 3307; x_wconf 90' lang='lat' dir='ltr'><strong>res</strong></span> <span class='ocrx_word' id='word_1_221' title='bbox 406 3258 635 3330; x_wconf 89' lang='lat' dir='ltr'><strong>argumentum</strong></span> <span class='ocrx_word' id='word_1_222' title='bbox 663 3240 883 3318; x_wconf 86' lang='lat' dir='ltr'><strong>constituunt,</strong></span> <span class='ocrx_word' id='word_1_223' title='bbox 912 3262 983 3325; x_wconf 87' lang='lat' dir='ltr'><strong>quae</strong></span> <span class='ocrx_word' id='word_1_224' title='bbox 1010 3239 1044 3301; x_wconf 92' lang='lat' dir='ltr'><strong>in</strong></span> <span class='ocrx_word' id='word_1_225' title='bbox 1073 3239 1282 3309; x_wconf 83' lang='lat' dir='ltr'><strong>orationibus</strong></span> 
     </span>
     <span class='ocr_line' id='line_1_31' title="bbox 208 3339 1281 3434; baseline 0.001 -26"><span class='ocrx_word' id='word_1_226' title='bbox 208 3345 425 3434; x_wconf 87' lang='lat' dir='ltr'><strong>panegyricis,</strong></span> <span class='ocrx_word' id='word_1_227' title='bbox 439 3343 611 3430; x_wconf 90' lang='lat' dir='ltr'><strong>omnisque</strong></span> <span class='ocrx_word' id='word_1_228' title='bbox 622 3341 754 3405; x_wconf 87' lang='lat' dir='ltr'><strong>materia</strong></span> <span class='ocrx_word' id='word_1_229' title='bbox 769 3363 808 3403; x_wconf 88' lang='lat' dir='ltr'><strong>ex</strong></span> <span class='ocrx_word' id='word_1_230' title='bbox 819 3339 897 3402; x_wconf 92' lang='lat' dir='ltr'><strong>locis</strong></span> <span class='ocrx_word' id='word_1_231' title='bbox 909 3339 1094 3420; x_wconf 89' lang='lat' dir='ltr'><strong>rhetoricis,</strong></span> <span class='ocrx_word' id='word_1_232' title='bbox 1108 3340 1142 3403; x_wconf 90' lang='lat' dir='ltr'><strong>in</strong></span> <span class='ocrx_word' id='word_1_233' title='bbox 1157 3341 1281 3409; x_wconf 86' lang='lat' dir='ltr'><strong>scholis</strong></span> 
     </span>
     <span class='ocr_line' id='line_1_32' title="bbox 207 3439 1281 3532; baseline -0.001 -22"><span class='ocrx_word' id='word_1_234' title='bbox 207 3446 249 3510; x_wconf 92' lang='lat' dir='ltr'><strong>ad</strong></span> <span class='ocrx_word' id='word_1_235' title='bbox 265 3467 417 3510; x_wconf 83' lang='lat' dir='ltr'><strong>nauseam</strong></span> <span class='ocrx_word' id='word_1_236' title='bbox 436 3466 539 3532; x_wconf 88' lang='lat' dir='ltr'><strong>usque</strong></span> <span class='ocrx_word' id='word_1_237' title='bbox 556 3442 750 3521; x_wconf 88' lang='lat' dir='ltr'><strong>decantatis,</strong></span> <span class='ocrx_word' id='word_1_238' title='bbox 773 3440 873 3529; x_wconf 89' lang='lat' dir='ltr'><strong>petita</strong></span> <span class='ocrx_word' id='word_1_239' title='bbox 890 3455 947 3504; x_wconf 87' lang='lat' dir='ltr'><strong>est.</strong></span> <span class='ocrx_word' id='word_1_240' title='bbox 967 3439 1151 3527; x_wconf 89' lang='lat' dir='ltr'><strong>Disputatio</strong></span> <span class='ocrx_word' id='word_1_241' title='bbox 1167 3458 1281 3510; x_wconf 82' lang='lat' dir='ltr'><strong>autent</strong></span> 
     </span>
     <span class='ocr_line' id='line_1_33' title="bbox 207 3541 1280 3635; baseline 0 -26"><span class='ocrx_word' id='word_1_242' title='bbox 207 3545 248 3610; x_wconf 91' lang='lat' dir='ltr'><strong>de</strong></span> <span class='ocrx_word' id='word_1_243' title='bbox 266 3547 329 3610; x_wconf 92' lang='lat' dir='ltr'><strong>hoc</strong></span> <span class='ocrx_word' id='word_1_244' title='bbox 343 3547 508 3635; x_wconf 86' lang='lat' dir='ltr'><strong>scripturae</strong></span> <span class='ocrx_word' id='word_1_245' title='bbox 523 3566 641 3631; x_wconf 88' lang='lat' dir='ltr'><strong>genere</strong></span> <span class='ocrx_word' id='word_1_246' title='bbox 663 3559 696 3606; x_wconf 92' lang='lat' dir='ltr'><strong>et</strong></span> <span class='ocrx_word' id='word_1_247' title='bbox 718 3543 916 3622; x_wconf 87' lang='lat' dir='ltr'><strong>charactere,</strong></span> <span class='ocrx_word' id='word_1_248' title='bbox 934 3541 1067 3628; x_wconf 86' lang='lat' dir='ltr'><strong>ejusque</strong></span> <span class='ocrx_word' id='word_1_249' title='bbox 1089 3541 1215 3625; x_wconf 87' lang='lat' dir='ltr'><strong>causis,</strong></span> <span class='ocrx_word' id='word_1_250' title='bbox 1231 3545 1280 3631; x_wconf 86' lang='lat' dir='ltr'><strong>si,</strong></span> 
     </span>
     <span class='ocr_line' id='line_1_34' title="bbox 205 3640 1281 3735; baseline -0.001 -24"><span class='ocrx_word' id='word_1_251' title='bbox 205 3669 277 3735; x_wconf 84' lang='lat' dir='ltr'><strong>quae</strong></span> <span class='ocrx_word' id='word_1_252' title='bbox 286 3665 360 3711; x_wconf 87' lang='lat' dir='ltr'><strong>ante</strong></span> <span class='ocrx_word' id='word_1_253' title='bbox 370 3646 455 3711; x_wconf 89' lang='lat' dir='ltr'><strong>dicta</strong></span> <span class='ocrx_word' id='word_1_254' title='bbox 465 3661 552 3722; x_wconf 86' lang='lat' dir='ltr'><strong>sunt,</strong></span> <span class='ocrx_word' id='word_1_255' title='bbox 564 3644 719 3707; x_wconf 88' lang='lat' dir='ltr'><strong>memoria</strong></span> <span class='ocrx_word' id='word_1_256' title='bbox 730 3659 831 3717; x_wconf 84' lang='lat' dir='ltr'><strong>tenes,</strong></span> <span class='ocrx_word' id='word_1_257' title='bbox 841 3640 930 3704; x_wconf 89' lang='lat' dir='ltr'><strong>haud</strong></span> <span class='ocrx_word' id='word_1_258' title='bbox 940 3657 989 3705; x_wconf 91' lang='lat' dir='ltr'><strong>est</strong></span> <span class='ocrx_word' id='word_1_259' title='bbox 999 3640 1147 3707; x_wconf 85' lang='lat' dir='ltr'><strong>difficilis.</strong></span> <span class='ocrx_word' id='word_1_260' title='bbox 1155 3644 1281 3711; x_wconf 87' lang='lat' dir='ltr'><strong>Totum</strong></span> 
     </span>
     <span class='ocr_line' id='line_1_35' title="bbox 204 3743 1281 3832; baseline 0 -22"><span class='ocrx_word' id='word_1_261' title='bbox 204 3764 252 3812; x_wconf 84' lang='lat' dir='ltr'><strong>est</strong></span> <span class='ocrx_word' id='word_1_262' title='bbox 268 3747 474 3827; x_wconf 81' lang='lat' dir='ltr'><strong>‹leolamatio,</strong></span> <span class='ocrx_word' id='word_1_263' title='bbox 493 3767 565 3832; x_wconf 85' lang='lat' dir='ltr'><strong>quae</strong></span> <span class='ocrx_word' id='word_1_264' title='bbox 580 3745 729 3807; x_wconf 89' lang='lat' dir='ltr'><strong>carminis</strong></span> <span class='ocrx_word' id='word_1_265' title='bbox 747 3744 885 3830; x_wconf 90' lang='lat' dir='ltr'><strong>speciem</strong></span> <span class='ocrx_word' id='word_1_266' title='bbox 897 3743 1079 3829; x_wconf 89' lang='lat' dir='ltr'><strong>assumpsit.</strong></span> <span class='ocrx_word' id='word_1_267' title='bbox 1092 3744 1200 3830; x_wconf 87' lang='lat' dir='ltr'><strong>Atque</strong></span> <span class='ocrx_word' id='word_1_268' title='bbox 1213 3745 1281 3810; x_wconf 89' lang='lat' dir='ltr'><strong>hoc</strong></span> 
     </span>
    </p>
   </div>
   <div class='ocr_carea' id='block_1_5' title="bbox 0 0 1348 4808">
    <p class='ocr_par' dir='ltr' id='par_1_5' title="bbox 0 0 1348 4808">
     <span class='ocr_line' id='line_1_36' title="bbox 0 0 1348 4808; baseline 0 4"><span class='ocrx_word' id='word_1_269' title='bbox 0 0 1348 4808; x_wconf 95' lang='lat' dir='ltr'><strong> </strong></span> 
     </span>
    </p>
   </div>
  </div>
 </body>
</html>
