2686 4808
145 310 194 383 30
475 313 887 381 PROLEGOMENA
929 372 932 379 .

142 433 261 520 quibus
277 448 352 496 ante
370 430 600 506 delectaretur,
624 430 720 495 taedio
736 430 896 513 afficitur,
907 433 1085 520 animoque
1100 435 1221 521 nequit

141 536 334 615 consistere,
348 534 382 596 in
400 532 548 597 Honorio
563 548 687 596 naturae
703 532 948 597 accommodate
962 547 1042 596 sunt
1053 536 1220 623 expressi3

140 633 197 697 sed
216 635 249 696 in
269 632 499 721 querimoniis,
518 656 591 720 quae
607 632 652 696 illi
669 633 871 715 tribuuntur,
888 634 1217 720 plurasuntintexta,

139 754 212 821 quse
237 733 347 797 abesse
372 733 481 813 malis,
508 734 670 821 praecipue
695 732 859 822 dignitatis
884 734 1099 822 imperatoria
1118 758 1217 800 men·

139 835 262 899 tionem
279 834 321 898 ab
339 833 457 897 amoris
474 834 679 922 simplicitate
696 856 828 922 prorsus
846 832 994 899 alienam.
1011 832 1084 899 Hoc
1100 851 1215 901 tamen

139 934 345 1022 Imperatoris
370 934 557 998 reverentiae
586 949 682 1021 poeta
709 933 853 999 dandum
883 935 1025 1023 putavit,
1051 957 1112 1001 nec
1146 936 1214 1002 Sti·
1261 944 1267 953 “

139 1034 225 1097 ΙίοΙιο
259 1049 387 1122 poterat
421 1034 455 1097 in
486 1035 603 1098 malam
631 1051 756 1123 partem
789 1037 952 1124 accipere,
984 1038 1106 1126 quippe
1133 1040 1214 1127 qui,

137 1156 205 1221 quo
230 1135 331 1198 tutius
355 1136 424 1222 ipse
440 1135 646 1199 dominatum
663 1154 846 1217 exerceret,
868 1138 1007 1225 speciem
1035 1139 1214 1218 majestatis

139 1237 288 1299 Honorio
312 1235 559 1324 relinquendam
587 1237 793 1300 existimaret.
822 1237 921 1303 Sedes
943 1237 1077 1302 Veneris
1103 1239 1140 1303 iu
1159 1240 1213 1303 in-

135 1334 205 1397 sula
231 1338 339 1425 Cypro
363 1336 407 1399 ita
431 1335 642 1419 describitur,
663 1354 700 1401 ut
720 1360 893 1426 agnoscas,
918 1338 1132 1403 Claudianum
1159 1343 1214 1405 in·

136 1436 232 1523 genio
261 1459 329 1500 non
356 1436 454 1501 fuisse
478 1437 690 1521 destitutum,
718 1439 776 1503 scd
803 1441 860 1503 aevi
887 1440 990 1516 vitiis,
1013 1440 1133 1528 quibus
1156 1464 1212 1507 re-

134 1558 209 1599 rum
244 1536 483 1625 magnificentia
508 1539 580 1625 plus
614 1562 711 1626 quam
739 1540 875 1628 simplex
910 1541 1010 1629 gratia
1040 1540 1209 1628 placebat,

135 1637 217 1702 illud
233 1641 332 1703 fuisse
346 1640 567 1727 inquinatum.
588 1640 669 1704 Inde
685 1657 759 1704 nata
772 1658 820 1705 est
836 1642 906 1704 auri
923 1657 957 1705 et
971 1641 1097 1730 argenti
1113 1643 1212 1730 copia

133 1762 402 1829 gemmarumque
417 1741 724 1829 pretiosissimarum
741 1742 938 1824 multitudo,
955 1743 1076 1831 quibus
1092 1743 1211 1808 omnia

134 1858 295 1906 exstructa
312 1859 411 1931 atque
426 1842 577 1907 distincta
594 1859 777 1909 narrantur.
792 1844 855 1909 Sed
867 1846 936 1909 haec
949 1859 1211 1932 compensantur

133 1943 272 2030 pulchro
282 1945 366 2025 loco,
377 1967 444 2032 quo
454 1945 566 2008 Venus
577 1945 611 2008 in
625 1946 717 2008 cultu
728 1947 876 2033 corporis·
886 1961 1056 2033 occupata,
1069 1945 1210 2011 Gmdae-

134 2068 199 2131 que
209 2046 254 2108 illi
269 2046 487 2109 ministrantes
502 2044 706 2110 inducuntur
725 2047 738 2127 (
747 2070 777 2112 v.
795 2046 989 2136 97-109);
1009 2064 1042 2111 et
1063 2047 1120 2111 illo
1136 2070 1209 2112 non

133 2146 241 2210 minus
258 2163 415 2227 venusto,
432 2170 499 2235 quo
518 2149 633 2212 Venus·
646 2149 810 2238 Cupidini,
823 2172 921 2238 quem
937 2149 1072 2214 victoria
1087 2170 1208 2236 super·

132 2246 292 2328 bientem,
306 2272 444 2337 remque
464 2266 591 2339 gestam
617 2252 808 2315 festinanter
823 2268 857 2315 et
874 2251 1002 2315 concise
1020 2266 1206 2314 narrantem

132 2351 258 2436 gremio
280 2366 465 2437 exceperat,
480 2373 547 2437 prae
566 2349 685 2439 gaudio
701 2351 782 2414 nihil
797 2350 990 2440 respondet,
1006 2348 1064 2414 sed
1075 2349 1207 2430 statim,

132 2465 251 2513 ornatu
267 2450 413 2537 corporis
432 2450 626 2534 accelerato,
645 2468 799 2539 cestoquc
815 2469 959 2542 arrepto,
976 2451 1018 2516 ad
1035 2451 1112 2515 litus
1125 2474 1207 2539 pro·

131 2567 239 2638 perat,
251 2552 453 2637 Amoresque
463 2551 526 2613 alio
537 2551 636 2615 alium
650 2553 691 2616 ad
702 2554 871 2617 Tritonem
882 2551 1111 2617 arcessendum
1123 2574 1208 2639 pras·

132 2652 199 2714 mio
215 2652 385 2740 proposito
396 2651 540 2715 dimittit.
554 2654 692 2717 Pulchra
705 2677 837 2741 quoque
850 2670 898 2718 est
913 2653 966 2716 illa
979 2674 1090 2734 scena,
1103 2672 1206 2739 quam

132 2770 227 2842 poeta
243 2753 393 2817 carminis
410 2754 522 2817 XXXI
543 2755 702 2843 principio
720 2755 824 2818 oculis
846 2753 1009 2843 proponit.
1029 2752 1142 2815 Venus
1168 2751 1205 2815 in

132 2853 325 2917 umbraculo
341 2854 462 2917 vitibus
487 2872 640 2918 contexto
660 2878 759 2944 super
776 2854 869 2919 flores
889 2854 1030 2918 molliter
1046 2852 1206 2917 reclinata

131 2976 284 3019 somnum
298 2955 384 3043 capit
393 2954 434 3019 ad
449 2955 525 3018 solis
539 2973 654 3020 aestum
665 2956 845 3021 vitandum.
864 2956 1024 3044 Nympha·
1038 2970 1072 3019 et
1083 2954 1206 3019 Gratias

131 3055 194 3119 sub
211 3055 336 3144 ingenti
359 3078 483 3143 quercu
498 3056 588 3137 juxta
604 3059 821 3145 requiescunt.
839 3057 1020 3146 Cupidines
1037 3055 1205 3144 suspensis

133 3180 192 3246 per
208 3180 315 3220 ramos
331 3157 471 3221 arcubus
495 3159 720 3247 pharetrisque
740 3161 791 3223 vel
809 3157 1000 3238 colludunt,
1020 3156 1072 3220 vel
1091 3155 1204 3219 avium

131 3258 227 3324 nidos
240 3259 450 3347 investigant,
467 3261 517 3323 vel
530 3261 612 3323 mala
628 3261 742 3350 legunt
759 3259 916 3339 dominae,
930 3257 981 3321 vel
995 3256 1133 3319 volitant
1144 3276 1206 3343 per

131 3381 275 3423 summas
300 3359 423 3435 ulmoe,
442 3360 544 3424 velia
569 3363 710 3425 statione
734 3359 871 3424 suntad
895 3356 1051 3422 arcendos
1069 3357 1204 3420 Faunos

130 3459 338 3545 reliquosque
346 3458 424 3523 deos
434 3460 609 3544 silvestres,
620 3484 661 3526 ne
673 3463 768 3525 nimis
775 3461 894 3526 cun'osi
902 3458 1037 3524 Veneris
1043 3463 1201 3522 somnum

130 3561 338 3625 conturbent.
357 3562 421 3625 Sed
435 3586 501 3626 non
515 3586 607 3652 aque
622 3564 706 3628 bene
724 3566 854 3644 Venus,
872 3562 929 3626 ubi
949 3559 1040 3625 chori
1056 3580 1096 3623 ex
1115 3558 1203 3623 urbe

130 3662 235 3725 vicina
254 3662 356 3727 auditi
377 3686 529 3729 somnum
550 3666 595 3729 illi
613 3680 840 3746 excusserunt,
859 3667 993 3728 Amores
1010 3658 1145 3724 dimittit
1158 3658 1202 3724 ad

130 3763 344 3851 quarendum
360 3765 592 3853 Hymenaeum,
611 3785 644 3832 et
659 3791 762 3855 quum
777 3768 845 3855 ipsa
859 3767 894 3828 in
910 3765 1002 3828 illum
1018 3761 1203 3846 incidisset,

131 3888 171 3930 ex
182 3888 222 3929 co
234 3865 366 3953 qnaerit,
378 3866 546 3946 cujusnam
557 3871 678 3957 nuptiae
688 3870 893 3933 celebrentur
901 3867 1081 3930 i’Caeterum
1088 3881 1203 3929 motus

130 3966 248 4049 animi,
269 3988 352 4053 quos
375 3968 472 4032 sentit
498 3970 692 4058 Hymentcus
710 3972 837 4035 Venere
861 3968 945 4051 visa,
971 3966 1098 4056 egregie
1122 3980 1203 4031 sunt
