2686 4808
95 333 157 380 xiv
285 309 353 379 DE
382 308 628 379 CLAUDIO
657 309 974 386 CLAUDIANO

295 476 478 545 ‹Naeolaus
496 477 662 544 Heinsius
680 474 725 544 de
752 476 955 547 Claudiano.

208 630 360 684 Musarum
377 625 504 697 ocellus,
518 644 647 684 summus
662 625 767 685 artifex
783 626 878 700 sandi,

210 718 443 795 salubribusque
458 719 561 795 plenus
575 738 628 776 ora
641 719 812 798 praeceptis,

164 886 167 891 ⁴
210 818 278 886 Quo
293 812 353 870 Nili
371 811 489 868 alumna
504 811 544 868 nil
563 812 712 869 venustius
724 811 829 888 jactat,

159 893 162 900 ¹
210 909 306 980 Lagea
323 902 422 973 tellus,
435 901 594 980 civitasque
607 903 783 974 Alexandri,

210 997 280 1054 Sive
293 1014 373 1052 arma
387 994 500 1066 verbis,
514 1008 602 1073 atque
617 996 739 1055 adoreas
753 995 849 1074 magni

212 1088 318 1147 Herois
336 1101 447 1165 aequat,
461 1088 550 1165 inque
564 1087 651 1146 laude
664 1088 781 1146 virtutis

210 1180 336 1239 Pulchre
347 1195 524 1259 occupatus,
536 1180 611 1238 tollit
623 1179 752 1238 indolem
766 1180 889 1257 Augusti

213 1273 338 1333 Infantis
353 1273 455 1343 altam,
470 1285 524 1332 etc.

109 1428 285 1498 Gernrdus
306 1432 461 1496 loannes
482 1432 646 1511 Vossius,
667 1427 711 1495 de
728 1430 846 1497 Poetis
862 1428 999 1513 memes,
1018 1454 1095 1526 cap.
1119 1437 1155 1519 4.

149 1586 398 1673 «Claudianus,
413 1589 515 1655 Poeta
534 1588 646 1681 magni
664 1587 816 1681 spiritus,
833 1586 877 1655 ab
895 1588 1038 1659 Arcadio
1052 1605 1086 1660 et
1102 1596 1171 1663 Ho-

93 1696 188 1765 norio
208 1708 350 1763 statuam
370 1694 494 1761 meruit
515 1694 548 1761 in
568 1697 655 1762 Foro
675 1696 869 1767 Romanu.»

92 1862 326 1932 Maldcrboeus
347 1875 382 1928 et
402 1863 582 1945 Hallaens,
606 1861 752 1931 Cndomr'
766 1876 803 1929 et
822 1863 1002 1930 Lr'lernrioe
1024 1866 1167 1960 Reipub.

453 1970 648 2037 clarissima
669 1970 808 2043 tremene.

146 2126 388 2197 Malherbaeum
403 2123 495 2195 illum
509 2126 706 2220 Lyricorum
720 2122 836 2196 Galliae
851 2138 972 2198 nostrae
987 2128 1168 2198 Poetarum

93 2234 189 2304 facile
206 2234 389 2329 principem
404 2232 515 2300 dicere
530 2232 663 2301 solitum
677 2232 881 2325 accepimus,
895 2257 930 2300 se
943 2231 1060 2301 erebra
1071 2232 1170 2306 Clau·

93 2342 184 2411 diani
201 2341 342 2409 lectione
361 2337 537 2426 delectari,
556 2363 656 2432 seque
671 2363 711 2405 ex
729 2338 793 2405 hoc
811 2340 930 2423 Poeta,
948 2353 1106 2432 tanquam
1125 2367 1168 2411 cx

92 2448 264 2517 uberrimo
282 2446 391 2529 fonte,
406 2468 537 2537 semper
551 2443 685 2512 haurire
701 2440 824 2536 aliquid
840 2446 1065 2533 consuevisse,
1077 2449 1168 2518 unde

92 2552 251 2651 praeclare
272 2552 424 2647 cogitatis
443 2550 529 2618 foret
547 2549 728 2619 fecundior.
751 2549 790 2617 Id
813 2574 830 2617 a
850 2548 1053 2620 nobilissimo
1078 2554 1168 2622 Mal-

92 2662 227 2731 herbaeo
246 2660 364 2753 saepius
381 2681 415 2726 se
432 2656 594 2725 audivisse
611 2655 801 2744 dictitabat,
816 2656 969 2751 idemque
987 2659 1167 2749 sentiebat,

93 2771 146 2837 vir
177 2764 377 2836 clarissimus
402 2763 565 2832 Antonius
589 2762 752 2849 Hallaeus,
772 2788 921 2832 summus
947 2779 981 2833 et
1006 2767 1107 2833 Poeta
1133 2783 1168 2836 et

92 2877 237 2958 Orator,
256 2885 309 2956 et,
327 2869 408 2938 dum
426 2870 567 2957 viveret,
586 2871 691 2939 nostri
709 2868 764 2937 lux
782 2872 890 2965 prima
909 2872 1020 2967 Lycei.
1034 2870 1166 2942 Talium

71 2984 241 3052 ,virorum
271 2976 396 3046 illustre
424 2977 648 3044 testimonium
676 3001 738 3071 pro
765 2975 922 3045 coronide
950 2977 1166 3071 adjiciemus,

92 3088 191 3182 idque
212 3085 383 3169 omisisse,
406 3081 570 3176 piaculum
593 3108 663 3153 esse
683 3083 890 3153 duceremus.

367 3253 487 3319 nomn
513 3241 649 3319 Tabula
670 3255 881 3320 Marmorea.

144 3418 269 3488 statuae
293 3410 380 3485 basis
402 3433 608 3494 moratores,
630 3411 664 3478 in
686 3409 760 3478 soro
783 3409 916 3500 Trajani
940 3410 1165 3495 interminas

91 3523 234 3602 effossa,
252 3515 436 3591 Claudiano
455 3517 518 3584 fuit
536 3515 880 3609 honorificentissima.
899 3517 1010 3600 Hanc,
1025 3541 1066 3584 ax
1084 3517 1165 3588 Cla-

90 3631 202 3708 verio,
229 3625 464 3717 «Pomponius
483 3626 615 3709 Laetus,
634 3624 700 3691 aevi
717 3624 767 3691 sui
786 3619 1028 3711 Quintilianus,
1047 3649 1165 3716 posse-

89 3737 138 3805 dit
164 3748 263 3826 atque
290 3731 470 3824 inhonore
495 3730 650 3798 habuit».
675 3730 782 3822 Hujus
806 3727 870 3795 tale
889 3727 970 3796 fuit¹
999 3727 1164 3824 elogium:

92 3872 108 3930 ς(
123 3841 172 3911 Cl.
194 3838 378 3907 Claudiano
394 3840 436 3905 V.
457 3839 495 3906 C.
516 3836 666 3904 Tribuno
688 3851 721 3904 et
741 3836 900 3923 Notario,
924 3837 1010 3903 inter
1030 3851 1166 3905 caeteras

131 4007 156 4042 ι.
167 3984 230 4039 Vid.
244 3986 312 4038 inira
324 3983 357 4038 ad
369 3985 421 4037 hoc
433 3984 535 4037 volum.
548 4001 575 4053 p.
595 3985 621 4034 6.
637 3981 689 4034 En.
