2686 4808
315 336 372 404 IN
398 336 473 403 CL.
502 334 881 405 CLAUDIANUM.
1084 362 1128 432 ¹9

61 454 137 521 lidae
152 454 341 545 arrogantiae
351 454 432 518 callo
448 456 540 517 frons
553 453 684 517 illorum
700 453 800 517 fuerit
815 452 974 537 obducta,
987 477 1129 541 quorum

59 578 158 621 aures
175 552 364 636 huiusmodi
380 554 623 619 recitationibus
642 567 819 642 paterent½
835 553 899 619 Sed
914 556 1021 619 omnis
1037 578 1131 647 exag·
1243 610 1252 629 ,

60 658 204 748 geratis,
226 679 300 745 quae
325 656 469 745 primum
493 656 619 720 animos
643 656 777 744 pungit,
802 655 1041 720 consuetudine
1063 658 1129 722 rim

60 780 157 823 suant
172 756 338 838 amittere,
355 771 454 843 atque
471 756 505 819 in
520 756 651 819 inanem
671 755 827 843 loquendi
850 756 1024 821 formulam
1050 760 1132 823 solet

60 860 169 942 abire,
184 860 228 925 ita
242 874 283 923 ut
296 879 425 947 semper
440 880 524 921 nova
540 856 742 945 impudentia
756 880 840 945 opus
855 858 913 939 sit,
930 858 972 921 ad
989 875 1130 923 veterem

60 959 230 1027 audaciam
252 958 479 1049 superandam.
502 962 625 1047 Atque,
648 959 676 1022 si
697 959 798 1023 semel
815 981 835 1021 a
851 974 975 1023 nature
999 961 1132 1024 veritate

60 1062 96 1125 in
113 1061 276 1129 laudando
292 1060 470 1127 discessum
485 1076 543 1141 est,
552 1083 620 1123 non
637 1075 745 1148 potest
760 1060 905 1139 sensisti,
917 1060 979 1122 nisi
996 1082 1054 1142 eo,
1072 1062 1130 1125 uhi

60 1163 238 1227 verborum
250 1180 284 1227 et
296 1184 407 1227 rerum
421 1160 634 1249 discrepantia
649 1185 685 1226 ea
699 1161 833 1225 demum
849 1163 932 1225 facta
948 1177 1014 1242 est,
1027 1179 1066 1225 ut
1078 1164 1131 1227 vel

105 1391 133 1427 r.
152 1370 286 1427 Adulsndi
304 1369 467 1444 principium
483 1372 539 1441 jam
557 1368 662 1442 pridem
681 1372 714 1423 ab
731 1371 860 1435 Horatio,
880 1371 1010 1441 Virgilio,
1030 1372 1130 1426 Ovidio

58 1452 223 1525 reliquisque
233 1451 428 1523 antiquioribus
440 1450 526 1522 poetis
542 1450 648 1512 facturn,
666 1451 749 1521 magis
762 1451 896 1523 magisque
908 1470 1012 1523 semper
1023 1465 1129 1506 auctum

58 1544 102 1584 est
119 1531 347 1587 arerentiorihus.
363 1530 491 1600 Exempla
505 1528 576 1601 apud
591 1528 768 1583 Claudianum
784 1531 860 1583 obvia
877 1544 953 1596 sunt,
969 1533 1043 1602 cujus
1061 1532 1129 1585 ratio

59 1610 176 1664 maxime
187 1610 312 1664 solemnis
323 1622 378 1677 est,
391 1628 467 1674 eum,
483 1628 562 1679 quem
573 1610 630 1663 vult
640 1610 781 1673 extollere,
793 1629 855 1662 cum
867 1609 1030 1681 antiquitatis
1040 1612 1130 1664 heroi·

58 1692 114 1744 ltus
134 1692 169 1743 ita
186 1708 358 1761 comparare,
377 1703 407 1743 nt
424 1687 561 1755 ostendat,
581 1708 674 1757 eorum
696 1688 787 1742 laudes
805 1690 883 1760 longe
904 1690 1042 1743 inferiores
1059 1691 1129 1745 illius

56 1770 160 1840 fuisse,
170 1770 228 1832 111,
248 1772 302 1823 262
315 1787 372 1840 sqq.
387 1772 441 1838 278
455 1786 513 1840 sqq.
528 1769 609 1835 XXI,
623 1788 659 1839 97
674 1787 732 1840 sqq.
750 1782 777 1821 et
790 1769 895 1840 passim.
913 1768 964 1823 Sed
981 1771 1016 1824 cf.
1036 1770 1128 1825 Sidon.

57 1850 152 1923 Apoll.
164 1850 201 1916 V,
216 1850 268 1904 151
283 1867 340 1920 sqq.
353 1849 444 1913 Quum
455 1849 536 1901 semel
546 1867 620 1901 more
631 1861 698 1903 esset
708 1861 858 1918 receptum,
869 1850 1045 1921 Imperatores
1054 1851 1129 1905 vivos

56 1927 177 1983 electum
193 1929 268 1983 cultu
289 1928 430 2001 prosequi,
450 1925 593 1993 etiamid,
612 1925 684 1998 quod
705 1926 817 1979 deornm
836 1929 1003 1999 presentiam
1020 1948 1130 2001 arguere

56 2006 195 2063 aedium
209 2019 266 2073 est,
281 2006 316 2061 od
333 2007 392 2060 illos
409 2008 631 2073 transferebatur,
651 2008 681 2075 I,
699 2008 752 2060 115
767 2026 825 2079 sqq.
843 2007 915 2072 VII,
937 2009 988 2061 123
1001 2028 1058 2081 sqq.
1072 2011 1128 2063 Nec

54 2106 127 2142 esne
144 2107 195 2159 pro
211 2085 405 2141 consuetudine
422 2085 533 2139 modurn
552 2088 689 2140 excessisse
708 2085 836 2140 dicendus
857 2100 895 2140 est
917 2087 1029 2153 Noster,
1046 2108 1129 2159 quum

54 2164 144 2233 dicit,
153 2167 240 2221 stellas
247 2167 361 2220 inritare
367 2164 550 2219 Theodosium
560 2200 568 2226 ‚
578 2167 703 2230 incertas,
710 2167 808 2236 quibus
816 2184 871 2218 esse
882 2164 980 2219 sodalis
990 2166 1126 2237 dignetur,
1140 2156 1143 2165 ¹

55 2246 135 2311 VII,
149 2264 204 2317 170
219 2264 277 2318 sqq.
291 2264 353 2310 nec,
367 2265 451 2317 quum
458 2244 529 2298 idern
545 2258 572 2297 et
585 2246 665 2298 frater
678 2245 775 2296 deorum
786 2264 895 2315 proceres
909 2259 1051 2310 vocantur,
1069 2248 1128 2309 XV,

59 2324 134 2380 215.
149 2326 250 2379 Verum
266 2344 299 2379 ex
313 2338 405 2379 nostro
423 2344 500 2379 sensu
518 2326 586 2378 male
604 2322 706 2377 inducit
721 2323 844 2376 eumdem
864 2325 901 2378 sic
917 2325 1090 2396 loquentem:
1107 2330 1129 2377 si

55 2424 112 2457 nott
126 2406 218 2475 cupidis
233 2425 305 2457 mm
315 2416 449 2476 prereptus
463 2405 495 2456 ob
509 2402 588 2457 oltris.
609 2403 679 2456 Illud
700 2416 786 2457 autern
806 2405 890 2457 risum
904 2418 992 2475 potest
1005 2424 1128 2471 movere,

55 2481 139 2556 quod
150 2483 184 2537 de
195 2484 332 2545 Honorio,
346 2503 430 2556 puero
444 2485 576 2547 novenni,
592 2502 672 2554 quern
683 2496 758 2554 pater
771 2486 918 2553 Augustum
935 2483 1127 2550 declarat-erat,

53 2562 144 2631 dicit,
156 2562 326 2635 prudentiam
347 2575 450 2615 aetatem
470 2561 535 2615 adeo
553 2564 736 2634 procurrisse,
758 2576 788 2614 ut
809 2582 900 2615 omnes
919 2576 1005 2616 essent
1027 2566 1127 2635 questi,

54 2641 206 2714 imperium
216 2636 242 2695 ei
255 2661 314 2696 sero
323 2661 378 2695 esse
391 2640 496 2704 datum,
508 2644 531 2691 V
534 2644 576 2707 II,
591 2642 626 2696 85
640 2661 697 2714 sqq.
711 2641 907 2713 Impudentiam
921 2644 988 2715 sapit
1001 2644 1045 2696 illa
1056 2646 1124 2705 laus,

55 2742 123 2796 qu
142 2722 263 2775 Honorio
282 2734 310 2775 et
329 2721 468 2775 stilichoni
489 2722 631 2783 tribuitur,
653 2741 735 2792 quurn
755 2723 817 2774 satis
836 2721 944 2775 aliunde
963 2736 1058 2775 notum
1078 2726 1126 2789 sit,

56 2821 144 2874 quarn
157 2821 226 2874 tegre
238 2800 305 2855 fines
319 2815 411 2854 contra
424 2802 549 2854 barbaros
563 2798 786 2867 defenderentur,
797 2802 904 2868 XVIII,
923 2804 977 2873 377
995 2822 1052 2874 sqq.
1069 2803 1127 2855 Hoc
1154 2810 1157 2817 '

60 2900 170 2953 quoque
181 2900 238 2935 non
247 2893 287 2934 est
298 2880 490 2946 omittendum,
505 2879 593 2952 quod,
606 2900 690 2952 quum
706 2882 791 2934 virtus
805 2881 898 2933 bellica
912 2882 1025 2935 maxime
1038 2884 1126 2935 virum

60 2974 157 3026 ornet,
172 2980 203 3015 ea
218 2972 306 3013 autem
320 2962 448 3032 puerulo.
465 2961 511 3032 qui
532 2960 653 3013 nondum
672 2962 777 3013 hostem
794 2979 824 3012 er
843 2962 996 3032 propinquo
1011 2961 1123 3023 viderit,

62 3058 118 3093 uon
132 3054 220 3113 posset
231 3039 327 3105 tribui;
340 3041 411 3093 bello
424 3054 516 3093 exorto
530 3060 633 3111 semper
645 3060 722 3094 causa
736 3039 882 3094 Claudiano
894 3043 921 3095 iu
933 3055 1059 3113 promptu
1075 3056 1126 3106 est,

65 3136 115 3190 qus
128 3119 200 3173 dicat
213 3117 371 3191 impeditum
384 3121 464 3173 fuisse
476 3121 640 3185 Honorium,
654 3121 718 3173 belli
731 3120 829 3173 scilicet
840 3121 901 3173 alias
913 3121 1126 3192 cupidissimum,

66 3200 205 3269 quominus
225 3200 282 3270 ipse
303 3201 331 3252 in
349 3213 432 3253 cestra
446 3200 673 3272 proficisceretur,
688 3201 755 3266 VII,
777 3201 818 3268 73
835 3220 892 3271 sqq.
907 3202 971 3263 XV,
993 3202 1048 3270 370
1068 3220 1125 3272 sqq.

71 3278 122 3351 347
135 3298 192 3350 sqq.
215 3278 302 3349 Negla
315 3279 468 3332 Stilichonis
483 3293 509 3333 et
525 3278 631 3332 Arcadii
644 3299 734 3332 rerum
747 3278 940 3333 administratio
955 3279 1057 3332 laudari
1071 3300 1124 3332 nou

70 3371 182 3426 poterat,
194 3377 274 3430 quam
287 3358 319 3410 iis
333 3360 436 3423 verbis,
452 3361 548 3430 quibus
564 3361 648 3412 utitur
660 3359 776 3423 Iustitia,
788 3360 883 3423 XVII,
901 3379 949 3431 ¹7¹
969 3379 1025 3430 sqq.
1038 3361 1126 3411 Etiam

72 3434 116 3490 ltoe
137 3436 256 3492 attendas
283 3439 379 3505 velim,
405 3453 567 3510 quantopere
592 3441 690 3510 ubique
712 3438 890 3501 Claudianus,
916 3440 1016 3491 etiamsi
1043 3452 1125 3503 tecte,

75 3513 214 3571 limium
228 3515 343 3570 Arcadio
364 3519 493 3590 preferat.
510 3520 549 3570 Ex
559 3520 631 3580 vn,
644 3519 679 3571 85
697 3538 754 3591 sqq.
771 3538 846 3590 paene
860 3519 982 3589 colligas,
1003 3519 1126 3571 Honorio

74 3610 154 3651 mrem
165 3616 256 3652 rerum
268 3616 283 3649 a
294 3611 369 3669 patre
379 3599 561 3669 proficiscente
573 3600 652 3651 fuisse
665 3597 863 3662 demandatam,
873 3617 957 3669 quum
970 3598 1003 3651 de
1014 3596 1126 3651 Arcadio

76 3674 186 3744 datur,
200 3690 228 3730 et
245 3696 271 3730 r.
288 3680 353 3747 178,
370 3679 445 3731 stella
455 3678 600 3731 Theodosii
617 3680 705 3731 oriens
722 3682 808 3749 aspicit
825 3677 982 3743 Arcadium,
1003 3677 1126 3732 occiden·
1162 3716 1166 3722 -

76 3764 120 3807 test
132 3761 338 3810 maworn
353 3759 497 3811 Honorius.
513 3759 611 3811 Forsan
627 3760 706 3820 cliens,
724 3759 831 3823 XVIII,
848 3758 922 3828 257,
932 3757 1059 3811 Arcadius
1075 3771 1126 3821 est,

77 3837 211 3906 opponitur
225 3837 263 3891 illi
280 3837 431 3902 Honorius,
444 3857 471 3890 v.
487 3839 542 3908 377
559 3856 616 3909 sqq.
641 3838 703 3891 Ilaec
718 3838 805 3890 onmia
820 3850 917 3891 nostrae
930 3839 1020 3891 saltem
1042 3838 1127 3897 retati,

77 3929 145 3982 *μω
153 3917 221 3971 lucri
231 3934 290 3987 spes
301 3929 327 3969 et
338 3918 419 3970 timor
430 3920 457 3970 in
466 3918 517 3969 illis
529 3919 607 3969 relius
617 3918 779 3970 solertiorem
793 3916 925 3983 reddidit,
936 3938 1016 3989 quam
1027 3931 1126 3970 veteres

78 4008 183 4065 unquam
197 3997 288 4062 fuere,
303 3998 369 4050 mira
381 3996 467 4051 videri
481 4009 625 4068 nequeunt.

929 4089 998 4157 a²'
