2686 4808
341 347 398 415 IN
424 344 499 414 CL.
527 345 907 415 CLAUDIANUM.
1134 350 1156 423 3

86 468 199 532 brium
207 463 617 551 consules¹recitavit3quo
630 464 664 527 in
674 464 816 528 carmine
824 487 928 552 quum
936 464 1159 537 liberalitatem
1245 510 1257 528 .

87 567 311 657 Probi,patris
318 565 450 630 illorum
454 565 792 654 juvenum,prsecipue
801 565 952 631 laudibus
960 568 1082 655 efferat,
1090 572 1160 637 lieri

87 683 212 757 potest,
226 683 265 732 ut
277 667 348 755 ipse
357 687 491 756 quoque
503 666 589 729 illam
601 667 641 729 sit
654 681 824 754 expertus,
835 667 876 731 ab
889 668 1013 756 illoque
1023 672 1093 736 viro
1101 674 1162 738 Sti·

88 769 212 834 liclroni
224 767 370 834 traditus.
384 768 485 847 Cujus
500 768 561 831 viri
575 769 730 856 quoniam
746 769 781 832 in
799 768 855 834 illo
873 772 1034 854 carmine,
1048 775 1107 838 ubi
1119 776 1162 857 de

88 871 189 936 rubus
200 871 298 961 gestis
309 868 486 934 Theodosii
497 869 543 933 Μ.
557 891 663 933 sermo
677 886 743 951 est,
759 871 848 934 nulls
859 871 983 935 mentio
999 871 1049 955 iit,
1063 898 1161 962 quem

88 971 184 1036 alibi²
194 970 327 1036 induxit
338 969 565 1059 profitentem,
577 992 611 1035 se
624 971 704 1034 nibil
718 971 788 1035 sine
802 972 888 1036 illius
902 994 1000 1061 opera
1011 978 1162 1065 gessisse,

87 1074 228 1139 fonmso
243 1089 320 1142 ante
338 1072 437 1152 hujus
457 1072 659 1160 imperatoris
676 1089 837 1155 mortem,
857 1094 929 1162 quae
942 1076 1060 1141 accidit
1070 1079 1108 1144 A.
1124 1080 1161 1144 C.

89 1175 172 1262 395,
181 1177 217 1239 in
228 1174 415 1240 Stilichonis
430 1174 564 1238 tutelam
576 1186 705 1238 nonest
719 1158 877 1263 receptus.
887 1172 950 1238 Sed
961 1174 1037 1239 belli
1050 1194 1162 1243 contra

89 1277 276 1367 ffirgenium
286 1287 413 1364 poterat
424 1286 587 1362 spectator
597 1294 681 1351 esse,
697 1274 809 1338 saltem
823 1294 862 1337 ex
872 1275 1076 1363 propinqum
1086 1296 1162 1342 narn

89 1378 238 1444 illumin
254 1377 365 1442 castris
390 1396 524 1464 quoque
542 1396 612 1439 esse
631 1388 814 1456 versatum,
831 1374 924 1438 nullo
941 1375 1041 1439 modo
1056 1392 1164 1466 potest

88 1479 232 1567 probati.
246 1479 325 1543 Post
345 1476 473 1541 obitum
496 1493 607 1541 autern
629 1474 806 1540 Theodosii
822 1475 867 1540 M.
886 1474 1109 1543 Mediolanum
1128 1501 1163 1545 se

89 1579 268 1644 contulisse
283 1578 425 1666 usquein
442 1577 626 1643 Stilichonis
643 1579 779 1642 cohorte
792 1577 833 1641 ab
850 1577 904 1641 illo
922 1577 999 1642 inde
1015 1594 1164 1669 ternpore

89 1678 344 1760 lisisseridetur,
361 1700 460 1767 quem
476 1679 600 1760 virum,
616 1693 696 1742 tunc
707 1678 924 1767 principatum
943 1679 1163 1767 obtinentem,

90 1782 126 1845 in
144 1776 406 1871 expeditionibus
423 1780 531 1842 forsan
554 1795 685 1843 secutus
702 1793 760 1842 est.
777 1781 851 1866 lpse
869 1779 956 1842 enim
978 1795 1114 1845 testatur
1130 1784 1165 1845 in

88 1882 146 1946 illa
157 1880 310 1946 carminis
323 1867 528 1969 prolusione,
543 1901 610 1967 quo
619 1881 807 1944 consulatus
821 1879 1007 1943 Stilichonis
1021 1882 1164 1946 celebra·

89 1983 187 2062 Μ’,
207 2000 242 2047 se
271 2000 330 2071 per
348 1981 613 2070 quinquennium
634 1983 737 2045 Roma
760 1979 910 2045 abfuisse.
932 1981 1045 2063 Quum
1066 1983 1167 2072 igitur

88 2084 227 2149 Stilicho
244 2083 359 2158 consul
377 2084 476 2146 luerit
492 2085 531 2146 A.
544 2082 582 2144 C.
601 2085 682 2158 rloo,
702 2084 864 2167 sequitur,
882 2095 920 2143 ut
937 2080 990 2144 ille
1009 2102 1043 2145 se
1062 2081 1165 2146 Roma

88 2183 317 2251 Mediolanum
336 2183 512 2248 contulerit
525 2183 562 2246 A.
576 2183 613 2244 C.
629 2179 709 2267 395,
726 2200 793 2269 quo
810 2203 915 2262 anno,
932 2197 1083 2271 utsupra
1099 2203 1167 2246 mo-

90 2286 239 2368 nuimus,
249 2284 412 2351 Probinus
423 2300 457 2348 et
473 2282 626 2371 Olybrius
641 2283 791 2347 consules
810 2283 961 2363 fuerunt,
974 2282 1167 2354 et'l'heodoe

90 2389 162 2451 sius
178 2388 224 2452 Μ.
234 2402 385 2450 mortuus
399 2400 457 2449 est.
471 2384 621 2448 Honores
640 2405 793 2472 quoque,
810 2382 931 2470 quibus
949 2400 1084 2450 ornatus
1100 2400 1166 2467 est,

90 2486 290 2567 ostendunt,
315 2507 414 2574 quarn
438 2506 531 2549 carus
556 2485 654 2548 fuerit
674 2484 856 2547 fautoribus
879 2482 956 2547 suis.
976 2483 1054 2548 Fuit
1078 2486 1165 2549 enim

90 2589 245 2653 tribunus
256 2604 288 2651 et
306 2586 466 2667 notarius,
481 2601 519 2649 ut
532 2584 676 2649 ostendit
687 2585 796 2648 tabula
807 2606 1004 2666 marmorea,
1017 2586 1051 2648 in
1065 2585 1165 2649 domo

92 2687 268 2777 Pomponii
296 2686 545 2766 tenimenta,
574 2707 673 2772 quarn
699 2685 783 2748 infra
810 2706 1043 2773 proponemus.
1065 2688 1165 2772 Cujus

90 2805 204 2855 autem
214 2788 340 2878 generis
350 2786 502 2851 tribunus
514 2787 621 2867 bresit,
635 2785 723 2849 haud
739 2784 831 2848 facile
845 2784 978 2865 dixeris,
994 2783 1051 2848 sed
1063 2802 1165 2851 castra

91 2893 186 2957 illum
202 2910 273 2954 esse
291 2903 458 2964 secutum,
476 2887 612 2950 minime
628 2902 735 2974 potest
752 2884 932 2950 affirmarit

140 2993 177 3056 ln
199 2990 281 3055 illud
304 2988 401 3053 etiam
425 2989 689 3076 quinquennium
716 2985 830 3050 incidit
851 2987 913 3050 iter
937 2985 1105 3050 Claudiani
1129 2988 1164 3051 in

91 3093 292 3182 AEgyptum,
315 3089 404 3153 nulla
426 3079 497 3153 alia'
509 3089 633 3152 ratione
657 3087 765 3152 forsan
785 3104 989 3177 susceptum,
1008 3110 1106 3175 quarn
1127 3105 1165 3153 ut

91 3195 250 3286 puellam,
268 3212 367 3280 quarn
382 3189 448 3269 jam
466 3204 541 3254 ante
566 3189 729 3279 cognitam
753 3202 891 3269 amarat,
913 3188 1014 3252 literis
1036 3189 1163 3253 Serenae

92 3295 136 3360 ad
152 3307 300 3382 parentes
310 3291 396 3354 illius
409 3290 536 3378 scriptis
548 3289 695 3370 adjutus,
708 3290 742 3352 in
757 3290 1001 3354 matrimonium
1018 3289 1161 3354 duceret.
1221 3367 1227 3383 .

91 3395 202 3475 Hujus
218 3392 266 3458 rei
278 3390 477 3456 mentionem
490 3390 558 3479 ipse
573 3390 649 3454 facit
661 3391 730 3471 Xlr,
744 3390 802 3454 ubi
819 3391 946 3454 Serenus
965 3391 1162 3456 matrimonii

138 3576 163 3612 1.
185 3556 451 3628 ct.x1.11‚13‚sq.

135 3656 163 3691 a.
184 3632 382 3706 v11‚1ttrq.
402 3634 466 3700 XV,
482 3652 538 3704 ²90
554 3652 610 3704 sqq.

135 3719 164 3772 3.
184 3716 290 3776 xxm,
309 3715 343 3768 23
359 3733 397 3786 sq.

136 3803 163 3861 4.
183 3795 283 3850 Saltem
297 3811 352 3847 non
365 3813 396 3847 er
409 3792 545 3855 XXXIX,
563 3794 594 3846 51
614 3812 653 3864 sq.
671 3793 709 3845 ibi
724 3792 795 3844 enirn
811 3791 904 3862 procul
920 3787 1003 3844 dubio
1016 3788 1050 3843 de
1064 3792 1158 3846 militia

90 3877 178 3931 aulica
191 3892 278 3930 sermo
292 3887 343 3938 est,
358 3885 436 3945 atque
450 3873 526 3936 XVI,
543 3870 575 3937 5,
588 3872 655 3925 nihil
668 3870 738 3925 aliud
751 3869 839 3924 dicere
852 3867 958 3923 videtur
973 3882 1066 3941 poeta,
1081 3890 1159 3942 quam

91 3976 200 4029 semper
219 3973 247 4009 se
266 3955 293 4007 in
312 3953 464 4007 Stilichonis
483 3953 607 4017 cohorte,
625 3953 713 4023 itaque
732 3953 801 4004 inter
818 3951 930 4015 milites,
946 3968 1001 4003 esse
1017 3962 1158 4004 versatum.

91 4038 136 4094 Οἱ.
154 4037 235 4090 etism
247 4034 335 4099 XXX,
351 4054 365 4086 a
382 4052 419 4103 sq.
433 4045 458 4086 et
471 4034 496 4085 8.

1021 4121 1031 4146 ²

995 4147 1006 4190 1
