2686 4808
314 361 373 429 IN
400 358 478 428 CL.¹
504 357 882 427 CLAUDIANUM.
1078 356 1124 429 25

57 480 203 570 fingendi
222 494 255 543 et
271 475 538 543 comminiscendi
559 482 697 564 quaeque
711 476 813 541 libem
833 493 902 541 erat
919 493 1069 564 potestas.
1089 482 1127 544 ln

56 583 161 670 priori
178 604 314 670 genere,
333 579 375 644 ad
400 600 523 643 meram
545 578 795 641 ostentationem
817 592 1021 666 compamto,
1041 581 1129 644 nulla

57 699 130 747 erat
142 682 300 747 orationis
309 682 463 762 varietas,
477 680 586 744 omnia
596 680 647 742 vel
660 679 694 742 in
709 701 838 744 summa
849 700 959 743 rerum
973 681 1129 746 tenuitate

58 782 233 871 splendida
243 798 335 847 erant
347 798 380 847 et
391 780 574 871 magnilica3
585 779 619 844 in
631 781 732 845 altero
743 780 871 845 lascivia
881 779 1046 845 interdum
1058 806 1129 873 gra-

56 884 153 947 vitati
170 882 312 948 admixta
330 898 396 964 est,
412 899 446 946 et
464 880 602 971 dignitas
619 881 759 946 subinde
775 882 809 944 in
826 882 1036 971 petulantiam
1051 884 1130 964 abit,

56 982 204 1073 indeque
218 1005 327 1048 sermo
341 981 441 1047 modo
456 983 620 1046 cothurno
636 980 773 1058 incedit,
790 979 890 1045 modo
906 982 1008 1045 soccis
1024 982 1129 1047 inam·

56 1084 164 1150 bulat.
178 1086 217 1149 ln
235 1084 314 1166 hoc,
326 1084 497 1148 Furiarum
514 1099 547 1147 et
557 1084 695 1147 Bellonae
712 1082 870 1146 instinctu
884 1098 916 1146 et
930 1083 1050 1147 auxilio
1059 1084 1129 1172 ple-

57 1205 163 1272 mque
181 1182 282 1267 fiunt3
302 1185 336 1247 in
353 1184 408 1248 illo
420 1205 617 1273 magnopere
634 1199 702 1247 erat
719 1182 917 1263 cavendum,
933 1206 976 1247 ne
991 1183 1128 1248 deorum

59 1286 247 1350 interventu
261 1301 294 1349 et
306 1307 369 1373 ope
383 1284 491 1374 gloriae
503 1284 590 1365 ejus,
608 1307 705 1371 quem
720 1283 881 1365 laudaret,
893 1283 1127 1351 detraheretur.

58 1388 224 1450 Caeterum
238 1387 272 1450 in
284 1384 499 1474 vituperando
515 1385 662 1450 eamdem
671 1385 754 1449 viam
769 1384 967 1474 ingreditur,
981 1408 1080 1473 quam
1095 1387 1127 1449 in

58 1485 244 1567 laudando;
269 1502 369 1550 totam
408 1486 529 1549 inimici
560 1486 658 1549 vitam
691 1487 866 1574 percurrit,
890 1486 1065 1575 omniaque
1088 1488 1130 1552 ad

58 1584 192 1667 odium,
212 1586 382 1669 invidiam,
397 1587 561 1650 infamiam
582 1587 782 1653 excitandam
797 1588 915 1653 idonea
931 1605 1082 1677 occupat,
1097 1606 1130 1654 et

57 1687 243 1775 carpendo,
264 1687 421 1770 ridendo,
445 1689 691 1769 calumniando,
708 1690 759 1753 vel
775 1712 868 1770 vera,
883 1690 933 1753 vel
949 1689 1023 1754 ficta
1037 1691 1129 1755 omni

58 1787 236 1851 verborum
256 1787 460 1877 turpitudine
474 1790 621 1878 exagitat.
637 1791 741 1878 Magis
758 1790 853 1854 etiam
870 1791 1002 1880 ingenio
1020 1790 1130 1855 indul·

58 1902 117 1975 get
140 1888 174 1950 in
200 1888 418 1971 inveniendo,
440 1891 594 1979 epicaque
622 1892 749 1955 ratione
774 1892 977 1979 frequentius
1008 1893 1130 1975 utitur,

59 2010 161 2075 quam
189 1988 223 2052 in
253 1990 432 2077 prioribus,
456 2007 494 2054 ut
518 1991 698 2055 ostendunt
723 1992 865 2056 carmina
895 1993 929 2055 in
957 1992 1129 2074 Rufinum,

59 2112 206 2177 quorum
222 2091 340 2178 prioris
357 2091 460 2179 prima
475 2114 565 2180 pars,
583 2092 703 2155 omisso
723 2093 900 2180 principio,
916 2092 1005 2178 quod
1023 2092 1130 2156 decla·

59 2190 197 2253 materis
207 2206 257 2253 est
265 2212 415 2254 sermone
425 2192 552 2279 poetico
563 2194 702 2273 utentis,
717 2191 895 2256 Claudiano
907 2193 983 2255 satis
997 2192 1132 2257 feliciter

60 2290 167 2353 cessit
181 2291 295 2355 Alecto
311 2292 469 2355 felicitatis
479 2315 567 2379 ,qua
581 2293 730 2357 homines
745 2293 808 2357 sub
824 2291 1000 2356 Theodosii
1014 2293 1059 2356 M.
1072 2292 1132 2356 im·

60 2391 154 2478 perio
180 2390 391 2475 fruebantur,
409 2391 527 2456 invidia
550 2394 734 2482 corripitur.
760 2394 867 2475 Quam
890 2392 1073 2457 felicitatem
1094 2408 1132 2457 ut

61 2492 259 2573 conturbet,
282 2510 441 2557 convocat
465 2511 687 2559 monstrorum
713 2494 918 2558 infernorum
943 2494 1129 2559 concilium.

61 2592 236 2655 Sententiae
250 2591 416 2657 dicuntur.
428 2595 565 2684 Megaera
578 2613 704 2676 censet,
718 2594 865 2659 sufficere
877 2594 1034 2659 Rufinum
1046 2597 1132 2659 Con-

61 2692 310 2780 stantinopolim
325 2694 531 2759 mittendum.
546 2696 618 2783 Ipsa
631 2718 665 2758 se
677 2696 816 2784 accingit
832 2696 938 2783 operi,
956 2697 1131 2783 illumque,

63 2793 157 2872 cujus
167 2793 339 2880 pueritiam
356 2795 425 2882 ipsa
441 2793 588 2875 finxerat,
605 2797 686 2859 lucri
700 2795 854 2884 cupidine
867 2811 900 2858 et
912 2818 968 2883 spe
981 2797 1131 2884 potentiae

66 2894 182 2956 futurae
195 2895 347 2958 concitat.
362 2895 447 2958 Rene
459 2895 601 2959 hominis
614 2897 731 2959 astutia
744 2913 776 2960 et
793 2896 945 2961 calliditas
962 2920 1132 2986 exaggera·

68 3007 131 3073 tur,
144 3017 185 3057 ne
199 2996 324 3059 mireris
340 2995 563 3060 Theodosium
581 2997 672 3060 istius
689 2997 812 3060 insidiis
827 2997 1046 3063 succubuisse.
1056 3000 1134 3060 Hac-

70 3110 161 3159 tenus
197 3096 301 3176 benc;
331 3095 388 3160 sed
415 3098 521 3160 statim
548 3096 588 3160 ad
611 3097 778 3185 ingenium
806 3114 838 3160 et
860 3097 1132 3163 consuetudinem

73 3212 162 3281 poeta
173 3196 270 3280 redit,
284 3198 616 3285 declamationemque
628 3197 978 3286 interponitsrigidam‚
990 3197 1030 3259 de
1042 3198 1133 3284 cupi·

10 3372 12 3377 Ι
75 3292 167 3359 ditate
180 3296 338 3380 habendi,
350 3321 448 3384 quam
461 3299 556 3386 longa
571 3300 726 3362 scelerum
741 3300 886 3361 recensio
898 3298 1017 3385 excipit
1028 3298 1133 3361 abillo

79 3392 218 3481 improbo
243 3398 509 3477 commissorum,
532 3399 564 3461 in
594 3421 658 3485 qua
683 3399 759 3462 satis
783 3398 961 3486 prudenter
980 3399 1133 3486 pleraque

82 3506 195 3559 tantum
222 3496 379 3586 significat
402 3515 516 3585 poeta,
534 3497 574 3561 ad
593 3496 741 3584 quaedam
765 3499 894 3580 alludit,
917 3523 958 3563 ne
979 3498 1131 3563 invidiam

83 3592 162 3659 faciat
174 3599 324 3662 manibus
332 3597 508 3662 Theodosii
519 3648 527 3679 ,
540 3598 631 3687 quod
646 3598 803 3661 nebuloni
813 3614 940 3662 tantum
953 3598 1132 3663 indulserit.

87 3691 267 3785 Quanquam
285 3717 395 3764 autem
407 3716 520 3788 poeta,
534 3700 576 3780 si,
590 3722 662 3785 quae
674 3700 874 3787 composuit,
888 3699 929 3764 ad
939 3716 1040 3763 artem
1054 3699 1134 3763 refe·

86 3812 139 3875 ras,
157 3799 190 3861 in
208 3800 271 3862 hoc
294 3822 412 3889 genere
443 3801 542 3888 magis
569 3800 726 3887 probatur
747 3801 941 3889 :displicere
967 3800 1081 3882 debet,
1106 3803 1132 3865 si

87 3898 253 3964 consideres
263 3902 314 3964 vel
327 3902 487 3965 levitatem
495 3901 563 3980 ejus
575 3902 609 3964 in
622 3900 798 3984 laridando,
813 3903 863 3966 vel
871 3903 904 3964 in
919 3900 1133 3989 vituperando

87 3998 288 4082 cupiditatem.
309 4002 370 4065 Sed
386 4004 494 4089 patriae
510 4003 594 4066 vitiis
616 4004 822 4091 inquinatus,
839 4006 1042 4089 Romamque
1056 4025 1132 4089 pro-
