2686 4808
326 316 662 389 TESTIMONIA
690 315 756 383 ET
782 313 1012 383 JUDICld.
1157 338 1206 383 xv

138 457 286 547 ingentes
308 464 396 519 artes
422 448 727 544 praegloriosissimo
750 448 947 534 Poetarum,
969 444 1047 515 licet
1069 447 1111 528 ad
1135 472 1207 515 me-

137 561 274 628 moriam
291 557 526 650 sempiternam
543 555 689 624 carmina
703 552 875 621 abeodem
889 553 1012 647 scripta
1027 552 1208 642 sufficiant,

139 682 282 735 attamen
307 664 485 732 testimonii
508 663 614 757 gratia
637 661 681 729 ob
703 659 819 754 judicii
842 660 892 727 sui
913 657 1014 726 fidem
1032 660 1109 728 DD.
1131 662 1207 728 NN.
1289 748 1291 752 7

139 772 297 840 Arcadius
317 784 351 838 et
367 770 557 855 Honorius,
578 767 754 837 felicissimi
771 791 811 835 ac
829 764 1009 834 doctissimi
1024 767 1208 859 imperato·
1293 822 1297 829 .

136 905 205 960 res,
229 881 353 947 Senatu
374 889 525 970 petente,
546 888 690 946 statuam
713 874 748 940 in
776 873 849 941 foro
872 873 950 941 Divi
972 871 1106 965 Trajani
1128 873 1209 966 erigi

137 984 357 1078 collocarique
379 983 592 1076 jusserunt.»
614 980 683 1048 Ubi
709 994 742 1048 ct
770 979 837 1048 hoc
859 978 1037 1048 distichum
1064 1003 1209 1073 gracum

134 1105 306 1186 repertum
328 1103 400 1158 est:

268 1255 324 1323 Είν
343 1255 385 1322 ἑνὶ
405 1254 568 1348 Βιργιλίοιο
587 1254 655 1320 νόον
677 1251 728 1319 καὶ
752 1261 867 1345 μοῦσαν
887 1237 1036 1346 Optime,

327 1353 544 1446 Κλαυδιανὸν,
562 1344 655 1450 Ῥώμη
677 1358 729 1425 καὶ
751 1362 884 1444 βασιλεῖς
906 1358 1022 1426 ἔθεσαν.

133 1515 240 1606 Quod
269 1516 316 1583 sic
341 1513 383 1581 ad
406 1511 548 1581 verbum
574 1512 833 1604 interpretamur
858 1537 865 1577 ε
888 1515 1001 1582 Roma
1022 1526 1057 1581 et
1081 1515 1210 1609 Reges,

132 1648 196 1691 scu
224 1625 468 1714 Imperatores,
491 1632 683 1714 posueruut
705 1616 955 1702 Claudionum,
983 1642 1042 1687 seu
1068 1632 1210 1692 statuam

139 1727 328 1800 Cldudiom'
334 1781 344 1812 ,
363 1725 517 1794 habentis
530 1729 565 1793 iu
579 1749 617 1794 se
631 1747 699 1792 uno
712 1725 850 1818 Vugtlit
862 1739 1007 1793 mentem
1025 1739 1059 1794 et
1073 1728 1213 1797 Musam

135 1839 304 1917 Homeri,
324 1833 389 1900 hoc
411 1846 480 1916 est,
496 1830 595 1923 hujus
614 1829 849 1898 fecunditatem
871 1846 904 1899 et
925 1828 1011 1900 illius
1036 1830 1211 1923 judicium.

137 1940 233 2030 Quid
253 1954 364 2009 autem
387 1938 513 2031 majus,
531 1961 630 2031 quam
653 1937 688 2002 in
708 1961 776 2006 uno
797 1951 831 2006 et
852 1937 970 2005 eodem
988 1940 1089 2007 Poeta
1109 1938 1210 2009 Clau-

137 2048 240 2115 diano
269 2069 449 2139 agnoscere
467 2041 597 2138 Virgilii
622 2042 804 2136 judicium,
821 2058 856 2112 et
874 2045 1007 2112 Musam
1033 2068 1091 2113 seu
1114 2047 1212 2117 uber-

141 2167 244 2222 tatem
264 2168 362 2246 atque
381 2150 595 2242 ἐνθουσιασμὸν
614 2150 769 2239 Homeri,
786 2147 875 2217 unde
895 2151 993 2218 Maro
1015 2151 1085 2244 ipse
1108 2167 1212 2224 mate-

142 2261 225 2328 riam
249 2273 381 2353 petere,
397 2281 497 2350 quam
517 2256 651 2348 ingenio
669 2279 730 2324 suo
753 2256 1023 2349 prestantissimo
1045 2257 1214 2329 confidere

145 2363 287 2436 maluit?
303 2367 389 2433 Sunt
402 2365 458 2457 qui
476 2387 537 2458 per
553 2360 664 2431 literas
676 2364 720 2429 V.
739 2364 778 2431 C.
797 2363 831 2430 in
849 2376 965 2431 statuae
980 2362 1051 2431 basi
1068 2351 1216 2436 manno·

146 2497 198 2541 rea
212 2471 389 2565 inscriptas
404 2474 514 2539 vuum
531 2469 752 2541 Consularem
767 2467 968 2562 intelligant,
983 2476 1125 2565 eumque
1141 2473 1216 2543 ideo

148 2576 330 2649 Consulatu
356 2576 509 2646 functum
534 2599 604 2645 esse
625 2575 846 2659 contendant3
873 2574 930 2666 sed
953 2574 1007 2644 alii
1028 2603 1090 2671 per
1111 2581 1153 2648 V.
1175 2584 1214 2652 C.

147 2693 274 2778 quiutoe
310 2683 457 2752 cohortis
484 2682 670 2751 Tribunum
703 2680 869 2776 explicant
896 2707 904 2749 ε
935 2682 968 2750 id
995 2683 1085 2778 quod
1111 2688 1215 2759 lanus

148 2792 339 2861 Parrhasius
357 2789 495 2859 damnat
512 2789 665 2874 inscitiae3
682 2788 790 2881 quod,
807 2803 844 2856 ut
863 2789 999 2883 opinor,
1023 2793 1145 2884 passim
1170 2796 1215 2866 le-

149 2923 281 2991 gamus,
301 2895 467 2965 Tribunos
488 2897 647 2985 militurn,
674 2909 708 2964 at
730 2895 876 2964 cohortis
896 2895 1060 2965 Tribunos
1080 2922 1149 2967 non
1170 2905 1216 2975 ita

150 3003 304 3098 legamus.
327 3002 510 3072 Gutherius
530 3015 643 3071 tamen
664 3001 765 3070 refert
788 3002 954 3071 Tribunos
975 3010 1142 3075 minorum
1161 3035 1217 3080 co·

149 3111 320 3180 hortium:
346 3108 403 3176 ubi
430 3109 530 3177 etiam
556 3107 622 3177 hoc
645 3106 782 3202 legitur,
801 3113 898 3178 Inter
922 3110 1045 3179 milites
1063 3115 1228 3188 clamosi-⁴

151 3241 277 3285 mortun
295 3216 424 3284 honore
445 3219 626 3309 potiuntur
643 3213 798 3302 Tribtuti,
824 3231 887 3285 etc.
906 3218 1074 3285 Caeterum
1100 3219 1164 3293 hac
1185 3242 1219 3297 ct

152 3337 255 3392 statua
270 3336 304 3389 ct
323 3336 438 3389 statute
457 3322 670 3416 inscriptione
688 3322 730 3389 ab
745 3322 1024 3417 Imperatoribus,
1039 3340 1073 3394 et
1085 3342 1219 3421 petente

152 3444 283 3514 senatu,
297 3427 390 3514 data,
406 3425 487 3495 nihil
498 3427 704 3521 meojudicio
714 3429 988 3501 honorificentius
999 3430 1080 3526 fingi
1095 3452 1221 3529 potest3

152 3549 182 3602 et
199 3532 360 3630 Virgilius
389 3535 478 3627 ipse,
503 3533 545 3601 ad
571 3558 669 3627 quem
694 3535 858 3629 dignatur
883 3538 1003 3607 Caesar
1023 3546 1218 3637 serpsisse,

154 3640 231 3709 nihil
250 3664 398 3733 unquam
418 3638 521 3708 simile
539 3639 678 3734 adeptus
697 3657 756 3711 cst.

203 3749 395 3841 Sequuntur
411 3746 647 3840 inscriptiones
664 3746 737 3818 duze
754 3747 874 3817 honori
888 3749 1079 3823 Stilichonis
1094 3760 1223 3851 positae,

155 3878 290 3945 quarum
314 3855 348 3919 in
368 3851 635 3947 Prolegomenis¹
656 3855 780 3922 mentio
799 3855 887 3924 tacu
906 3871 965 3923 cst..

196 4056 220 4091 1.
236 4037 298 4089 Vol.
314 4039 344 4100 1,
359 4037 427 4088 infra
441 4055 468 4107 p.
484 4041 520 4098 64
536 4037 640 4108 sqssFm.
