<?xml version="1.0" encoding="UTF-8"?>
<!DOCTYPE html PUBLIC "-//W3C//DTD XHTML 1.0 Transitional//EN"
    "http://www.w3.org/TR/xhtml1/DTD/xhtml1-transitional.dtd">
<html xmlns="http://www.w3.org/1999/xhtml" xml:lang="en" lang="en">
 <head>
  <title>
</title>
<meta http-equiv="Content-Type" content="text/html;charset=utf-8" />
  <meta name='ocr-system' content='tesseract 3.04.00' />
  <meta name='ocr-capabilities' content='ocr_page ocr_carea ocr_par ocr_line ocrx_word'/>
</head>
<body>
  <div class='ocr_page' id='page_1' title='image "bibliothecaclas77lemagoog_0058.png"; bbox 0 0 2686 4808; ppageno 0'>
   <div class='ocr_carea' id='block_1_1' title="bbox 337 337 1143 435">
    <p class='ocr_par' dir='ltr' id='par_1_1' title="bbox 337 337 1143 435">
     <span class='ocr_line' id='line_1_1' title="bbox 337 337 1143 435; baseline -0.014 -28"><span class='ocrx_word' id='word_1_1' title='bbox 337 340 394 407; x_wconf 80' lang='lat' dir='ltr'><strong>ut</strong></span> <span class='ocrx_word' id='word_1_2' title='bbox 422 339 498 405; x_wconf 76' lang='lat' dir='ltr'><strong>ca.</strong></span> <span class='ocrx_word' id='word_1_3' title='bbox 528 337 907 405; x_wconf 71' lang='lat' dir='ltr'><strong>cenomanum.</strong></span> <span class='ocrx_word' id='word_1_4' title='bbox 1093 365 1143 435; x_wconf 74' lang='lat'><strong>²9</strong></span> 
     </span>
    </p>
   </div>
   <div class='ocr_carea' id='block_1_2' title="bbox 70 457 1146 649">
    <p class='ocr_par' dir='ltr' id='par_1_2' title="bbox 70 457 1146 649">
     <span class='ocr_line' id='line_1_2' title="bbox 70 457 1146 549; baseline -0.002 -26"><span class='ocrx_word' id='word_1_5' title='bbox 70 484 154 549; x_wconf 85' lang='lat' dir='ltr'><strong>pere</strong></span> <span class='ocrx_word' id='word_1_6' title='bbox 170 460 318 541; x_wconf 89' lang='lat' dir='ltr'><strong>abludat,</strong></span> <span class='ocrx_word' id='word_1_7' title='bbox 327 480 430 547; x_wconf 88' lang='lat' dir='ltr'><strong>eaque</strong></span> <span class='ocrx_word' id='word_1_8' title='bbox 441 457 536 536; x_wconf 90' lang='lat' dir='ltr'><strong>vitia,</strong></span> <span class='ocrx_word' id='word_1_9' title='bbox 552 480 624 543; x_wconf 84' lang='lat' dir='ltr'><strong>quae</strong></span> <span class='ocrx_word' id='word_1_10' title='bbox 635 478 731 544; x_wconf 92' lang='lat' dir='ltr'><strong>supra</strong></span> <span class='ocrx_word' id='word_1_11' title='bbox 745 472 853 519; x_wconf 85' lang='lat' dir='ltr'><strong>notata</strong></span> <span class='ocrx_word' id='word_1_12' title='bbox 869 473 963 539; x_wconf 89' lang='lat' dir='ltr'><strong>sunt,</strong></span> <span class='ocrx_word' id='word_1_13' title='bbox 975 459 1049 523; x_wconf 90' lang='lat' dir='ltr'><strong>huic</strong></span> <span class='ocrx_word' id='word_1_14' title='bbox 1063 483 1146 547; x_wconf 87' lang='lat' dir='ltr'><strong>quo·</strong></span> 
     </span>
     <span class='ocr_line' id='line_1_3' title="bbox 70 559 879 649; baseline -0.002 -25"><span class='ocrx_word' id='word_1_15' title='bbox 70 584 144 649; x_wconf 91' lang='lat' dir='ltr'><strong>que</strong></span> <span class='ocrx_word' id='word_1_16' title='bbox 157 561 259 625; x_wconf 86' lang='lat' dir='ltr'><strong>insint</strong></span> <span class='ocrx_word' id='word_1_17' title='bbox 275 559 341 642; x_wconf 88' lang='lat' dir='ltr'><strong>;ad</strong></span> <span class='ocrx_word' id='word_1_18' title='bbox 358 581 395 623; x_wconf 87' lang='lat' dir='ltr'><strong>ea</strong></span> <span class='ocrx_word' id='word_1_19' title='bbox 413 579 640 647; x_wconf 82' lang='lat' dir='ltr'>properemus,</span> <span class='ocrx_word' id='word_1_20' title='bbox 659 579 731 645; x_wconf 82' lang='lat' dir='ltr'><strong>quoe</strong></span> <span class='ocrx_word' id='word_1_21' title='bbox 748 574 879 622; x_wconf 82' lang='lat' dir='ltr'><strong>restant.</strong></span> 
     </span>
    </p>
   </div>
   <div class='ocr_carea' id='block_1_3' title="bbox 424 710 804 779">
    <p class='ocr_par' dir='ltr' id='par_1_3' title="bbox 424 710 804 779">
     <span class='ocr_line' id='line_1_4' title="bbox 424 710 804 779; baseline -0.003 0"><span class='ocrx_word' id='word_1_22' title='bbox 424 710 804 779; x_wconf 84' lang='lat' dir='ltr'><strong>EPITHALAMIA.</strong></span> 
     </span>
    </p>
   </div>
   <div class='ocr_carea' id='block_1_4' title="bbox 74 847 1160 4063">
    <p class='ocr_par' dir='ltr' id='par_1_4' title="bbox 74 847 1160 4063">
     <span class='ocr_line' id='line_1_5' title="bbox 126 847 1148 939; baseline -0.004 -23"><span class='ocrx_word' id='word_1_23' title='bbox 126 852 289 934; x_wconf 89' lang='lat' dir='ltr'><strong>Quartum</strong></span> <span class='ocrx_word' id='word_1_24' title='bbox 312 872 435 939; x_wconf 86' lang='lat' dir='ltr'><strong>genus,</strong></span> <span class='ocrx_word' id='word_1_25' title='bbox 464 848 552 936; x_wconf 92' lang='lat' dir='ltr'><strong>quod</strong></span> <span class='ocrx_word' id='word_1_26' title='bbox 576 847 717 911; x_wconf 90' lang='lat' dir='ltr'><strong>carmina</strong></span> <span class='ocrx_word' id='word_1_27' title='bbox 743 849 776 910; x_wconf 91' lang='lat' dir='ltr'><strong>in</strong></span> <span class='ocrx_word' id='word_1_28' title='bbox 801 847 930 936; x_wconf 82' lang='lat' dir='ltr'><strong>nuptias</strong></span> <span class='ocrx_word' id='word_1_29' title='bbox 953 849 1090 911; x_wconf 84' lang='lat' dir='ltr'><strong>Honorii</strong></span> <span class='ocrx_word' id='word_1_30' title='bbox 1115 867 1148 912; x_wconf 90' lang='lat' dir='ltr'><strong>et</strong></span> 
     </span>
     <span class='ocr_line' id='line_1_6' title="bbox 74 948 1149 1040; baseline -0.004 -23"><span class='ocrx_word' id='word_1_31' title='bbox 74 952 201 1033; x_wconf 81' lang='lat' dir='ltr'><strong>Mariae,</strong></span> <span class='ocrx_word' id='word_1_32' title='bbox 207 969 303 1040; x_wconf 90' lang='lat' dir='ltr'><strong>atque</strong></span> <span class='ocrx_word' id='word_1_33' title='bbox 313 950 444 1015; x_wconf 88' lang='lat' dir='ltr'><strong>Palladii</strong></span> <span class='ocrx_word' id='word_1_34' title='bbox 455 966 487 1014; x_wconf 93' lang='lat' dir='ltr'><strong>et</strong></span> <span class='ocrx_word' id='word_1_35' title='bbox 497 949 651 1014; x_wconf 77' lang='lat' dir='ltr'><strong>Celerinae</strong></span> <span class='ocrx_word' id='word_1_36' title='bbox 661 948 896 1035; x_wconf 84' lang='lat' dir='ltr'>complectitur,</span> <span class='ocrx_word' id='word_1_37' title='bbox 904 971 1006 1035; x_wconf 92' lang='lat' dir='ltr'><strong>quum</strong></span> <span class='ocrx_word' id='word_1_38' title='bbox 1019 952 1149 1013; x_wconf 89' lang='lat' dir='ltr'><strong>materia</strong></span> 
     </span>
     <span class='ocr_line' id='line_1_7' title="bbox 76 1048 1150 1140; baseline 0 -26"><span class='ocrx_word' id='word_1_39' title='bbox 76 1053 161 1140; x_wconf 89' lang='lat' dir='ltr'><strong>ipsa,</strong></span> <span class='ocrx_word' id='word_1_40' title='bbox 174 1068 244 1116; x_wconf 82' lang='lat' dir='ltr'><strong>tuna</strong></span> <span class='ocrx_word' id='word_1_41' title='bbox 254 1051 444 1115; x_wconf 79' lang='lat' dir='ltr'><strong>tractatione</strong></span> <span class='ocrx_word' id='word_1_42' title='bbox 458 1049 613 1129; x_wconf 87' lang='lat' dir='ltr'><strong>majorem</strong></span> <span class='ocrx_word' id='word_1_43' title='bbox 620 1048 797 1114; x_wconf 86' lang='lat' dir='ltr'><strong>lectoribus</strong></span> <span class='ocrx_word' id='word_1_44' title='bbox 811 1049 1009 1136; x_wconf 88' lang='lat' dir='ltr'><strong>voluptatem</strong></span> <span class='ocrx_word' id='word_1_45' title='bbox 1026 1051 1150 1138; x_wconf 87' lang='lat' dir='ltr'><strong>praebe·</strong></span> 
     </span>
     <span class='ocr_line' id='line_1_8' title="bbox 77 1149 1152 1239; baseline 0.002 -25"><span class='ocrx_word' id='word_1_46' title='bbox 77 1152 142 1215; x_wconf 90' lang='lat' dir='ltr'><strong>bit.</strong></span> <span class='ocrx_word' id='word_1_47' title='bbox 156 1152 195 1214; x_wconf 91' lang='lat' dir='ltr'><strong>ln</strong></span> <span class='ocrx_word' id='word_1_48' title='bbox 213 1151 277 1215; x_wconf 92' lang='lat' dir='ltr'><strong>hoe</strong></span> <span class='ocrx_word' id='word_1_49' title='bbox 287 1149 434 1214; x_wconf 90' lang='lat' dir='ltr'><strong>videmus</strong></span> <span class='ocrx_word' id='word_1_50' title='bbox 454 1166 600 1239; x_wconf 90' lang='lat' dir='ltr'><strong>poetam,</strong></span> <span class='ocrx_word' id='word_1_51' title='bbox 622 1171 808 1236; x_wconf 83' lang='lat' dir='ltr'><strong>quanquam</strong></span> <span class='ocrx_word' id='word_1_52' title='bbox 831 1149 892 1213; x_wconf 90' lang='lat' dir='ltr'><strong>illis</strong></span> <span class='ocrx_word' id='word_1_53' title='bbox 913 1150 1049 1214; x_wconf 90' lang='lat' dir='ltr'><strong>vinculis</strong></span> <span class='ocrx_word' id='word_1_54' title='bbox 1068 1175 1152 1216; x_wconf 91' lang='lat' dir='ltr'><strong>non·</strong></span> 
     </span>
     <span class='ocr_line' id='line_1_9' title="bbox 77 1248 1151 1340; baseline 0 -24"><span class='ocrx_word' id='word_1_55' title='bbox 77 1251 163 1316; x_wconf 90' lang='lat' dir='ltr'><strong>dum</strong></span> <span class='ocrx_word' id='word_1_56' title='bbox 180 1253 273 1340; x_wconf 84' lang='lat' dir='ltr'><strong>plane</strong></span> <span class='ocrx_word' id='word_1_57' title='bbox 286 1253 489 1332; x_wconf 85' lang='lat' dir='ltr'><strong>exsolutum,</strong></span> <span class='ocrx_word' id='word_1_58' title='bbox 505 1251 624 1339; x_wconf 90' lang='lat' dir='ltr'><strong>quibus</strong></span> <span class='ocrx_word' id='word_1_59' title='bbox 635 1272 711 1313; x_wconf 92' lang='lat' dir='ltr'><strong>eum</strong></span> <span class='ocrx_word' id='word_1_60' title='bbox 724 1248 969 1314; x_wconf 84' lang='lat' dir='ltr'><strong>consuetudinis</strong></span> <span class='ocrx_word' id='word_1_61' title='bbox 981 1252 1029 1314; x_wconf 88' lang='lat' dir='ltr'><strong>vis</strong></span> <span class='ocrx_word' id='word_1_62' title='bbox 1041 1253 1151 1316; x_wconf 86' lang='lat' dir='ltr'><strong>existi·</strong></span> 
     </span>
     <span class='ocr_line' id='line_1_10' title="bbox 79 1351 1152 1442; baseline 0 -25"><span class='ocrx_word' id='word_1_63' title='bbox 79 1355 247 1441; x_wconf 89' lang='lat' dir='ltr'><strong>matioque</strong></span> <span class='ocrx_word' id='word_1_64' title='bbox 256 1354 384 1442; x_wconf 89' lang='lat' dir='ltr'><strong>publiea</strong></span> <span class='ocrx_word' id='word_1_65' title='bbox 393 1352 435 1418; x_wconf 91' lang='lat' dir='ltr'><strong>de</strong></span> <span class='ocrx_word' id='word_1_66' title='bbox 444 1353 581 1440; x_wconf 91' lang='lat' dir='ltr'><strong>pulchro</strong></span> <span class='ocrx_word' id='word_1_67' title='bbox 591 1363 624 1416; x_wconf 85' lang='lat' dir='ltr'><strong>et</strong></span> <span class='ocrx_word' id='word_1_68' title='bbox 632 1351 783 1433; x_wconf 89' lang='lat' dir='ltr'><strong>honesto,</strong></span> <span class='ocrx_word' id='word_1_69' title='bbox 795 1352 897 1439; x_wconf 88' lang='lat' dir='ltr'><strong>qualis</strong></span> <span class='ocrx_word' id='word_1_70' title='bbox 907 1367 987 1415; x_wconf 90' lang='lat' dir='ltr'><strong>tunc</strong></span> <span class='ocrx_word' id='word_1_71' title='bbox 997 1355 1152 1440; x_wconf 86' lang='lat' dir='ltr'><strong>temporis</strong></span> 
     </span>
     <span class='ocr_line' id='line_1_11' title="bbox 78 1452 1152 1537; baseline 0 -19"><span class='ocrx_word' id='word_1_72' title='bbox 78 1470 166 1537; x_wconf 84' lang='lat' dir='ltr'><strong>erat,</strong></span> <span class='ocrx_word' id='word_1_73' title='bbox 186 1454 342 1517; x_wconf 86' lang='lat' dir='ltr'><strong>innexum</strong></span> <span class='ocrx_word' id='word_1_74' title='bbox 368 1454 513 1535; x_wconf 89' lang='lat' dir='ltr'><strong>tenebat,</strong></span> <span class='ocrx_word' id='word_1_75' title='bbox 530 1453 661 1517; x_wconf 86' lang='lat' dir='ltr'><strong>liberius</strong></span> <span class='ocrx_word' id='word_1_76' title='bbox 679 1470 787 1516; x_wconf 91' lang='lat' dir='ltr'><strong>tamen</strong></span> <span class='ocrx_word' id='word_1_77' title='bbox 802 1452 969 1535; x_wconf 81' lang='lat' dir='ltr'><strong>incedere,</strong></span> <span class='ocrx_word' id='word_1_78' title='bbox 987 1471 1020 1518; x_wconf 89' lang='lat' dir='ltr'><strong>et</strong></span> <span class='ocrx_word' id='word_1_79' title='bbox 1036 1478 1075 1517; x_wconf 86' lang='lat' dir='ltr'><strong>ex</strong></span> <span class='ocrx_word' id='word_1_80' title='bbox 1091 1478 1152 1519; x_wconf 93' lang='lat' dir='ltr'><strong>suo</strong></span> 
     </span>
     <span class='ocr_line' id='line_1_12' title="bbox 80 1554 1153 1645; baseline 0 -27"><span class='ocrx_word' id='word_1_81' title='bbox 80 1555 185 1645; x_wconf 88' lang='lat' dir='ltr'><strong>ipsius</strong></span> <span class='ocrx_word' id='word_1_82' title='bbox 200 1556 330 1645; x_wconf 88' lang='lat' dir='ltr'><strong>ingenio</strong></span> <span class='ocrx_word' id='word_1_83' title='bbox 349 1556 514 1621; x_wconf 87' lang='lat' dir='ltr'><strong>materiam</strong></span> <span class='ocrx_word' id='word_1_84' title='bbox 534 1571 658 1642; x_wconf 90' lang='lat' dir='ltr'><strong>petere,</strong></span> <span class='ocrx_word' id='word_1_85' title='bbox 675 1577 771 1641; x_wconf 89' lang='lat' dir='ltr'><strong>quam</strong></span> <span class='ocrx_word' id='word_1_86' title='bbox 792 1554 825 1617; x_wconf 93' lang='lat' dir='ltr'><strong>in</strong></span> <span class='ocrx_word' id='word_1_87' title='bbox 842 1554 1005 1642; x_wconf 87' lang='lat' dir='ltr'><strong>prioribus</strong></span> <span class='ocrx_word' id='word_1_88' title='bbox 1022 1557 1073 1619; x_wconf 87' lang='lat' dir='ltr'><strong>vel</strong></span> <span class='ocrx_word' id='word_1_89' title='bbox 1088 1557 1153 1620; x_wconf 89' lang='lat' dir='ltr'><strong>vir·</strong></span> 
     </span>
     <span class='ocr_line' id='line_1_13' title="bbox 80 1656 1151 1742; baseline 0 -22"><span class='ocrx_word' id='word_1_90' title='bbox 80 1672 171 1720; x_wconf 88' lang='lat' dir='ltr'><strong>tutes</strong></span> <span class='ocrx_word' id='word_1_91' title='bbox 187 1657 367 1719; x_wconf 87' lang='lat' dir='ltr'><strong>amicorum</strong></span> <span class='ocrx_word' id='word_1_92' title='bbox 384 1658 434 1720; x_wconf 86' lang='lat' dir='ltr'><strong>vel</strong></span> <span class='ocrx_word' id='word_1_93' title='bbox 447 1657 525 1720; x_wconf 85' lang='lat' dir='ltr'><strong>vitia</strong></span> <span class='ocrx_word' id='word_1_94' title='bbox 539 1656 795 1720; x_wconf 89' lang='lat' dir='ltr'><strong>adversariorum</strong></span> <span class='ocrx_word' id='word_1_95' title='bbox 806 1656 1020 1742; x_wconf 73' lang='lat' dir='ltr'><strong>praebuerant.</strong></span> <span class='ocrx_word' id='word_1_96' title='bbox 1039 1658 1151 1738; x_wconf 88' lang='lat' dir='ltr'><strong>Quum</strong></span> 
     </span>
     <span class='ocr_line' id='line_1_14' title="bbox 80 1756 1152 1846; baseline 0 -25"><span class='ocrx_word' id='word_1_97' title='bbox 80 1757 172 1821; x_wconf 89' lang='lat' dir='ltr'><strong>enim</strong></span> <span class='ocrx_word' id='word_1_98' title='bbox 181 1756 292 1821; x_wconf 87' lang='lat' dir='ltr'><strong>laudes</strong></span> <span class='ocrx_word' id='word_1_99' title='bbox 302 1756 436 1836; x_wconf 83' lang='lat' dir='ltr'><strong>alicujus</strong></span> <span class='ocrx_word' id='word_1_100' title='bbox 448 1758 616 1844; x_wconf 86' lang='lat' dir='ltr'><strong>persequi,</strong></span> <span class='ocrx_word' id='word_1_101' title='bbox 630 1773 686 1819; x_wconf 91' lang='lat' dir='ltr'><strong>aut</strong></span> <span class='ocrx_word' id='word_1_102' title='bbox 694 1756 781 1837; x_wconf 82' lang='lat' dir='ltr'><strong>vitia,</strong></span> <span class='ocrx_word' id='word_1_103' title='bbox 795 1771 852 1819; x_wconf 88' lang='lat' dir='ltr'><strong>aut</strong></span> <span class='ocrx_word' id='word_1_104' title='bbox 861 1778 929 1819; x_wconf 89' lang='lat' dir='ltr'><strong>rem</strong></span> <span class='ocrx_word' id='word_1_105' title='bbox 941 1756 1082 1844; x_wconf 89' lang='lat' dir='ltr'><strong>aliquam</strong></span> <span class='ocrx_word' id='word_1_106' title='bbox 1095 1780 1152 1846; x_wconf 87' lang='lat' dir='ltr'><strong>ge·</strong></span> 
     </span>
     <span class='ocr_line' id='line_1_15' title="bbox 81 1856 1151 1946; baseline 0.001 -25"><span class='ocrx_word' id='word_1_107' title='bbox 81 1874 168 1922; x_wconf 86' lang='lat' dir='ltr'><strong>stam</strong></span> <span class='ocrx_word' id='word_1_108' title='bbox 182 1879 342 1945; x_wconf 82' lang='lat' dir='ltr'><strong>exponere</strong></span> <span class='ocrx_word' id='word_1_109' title='bbox 356 1858 456 1946; x_wconf 88' lang='lat' dir='ltr'><strong>magis</strong></span> <span class='ocrx_word' id='word_1_110' title='bbox 469 1859 511 1922; x_wconf 89' lang='lat' dir='ltr'><strong>sit</strong></span> <span class='ocrx_word' id='word_1_111' title='bbox 525 1857 729 1939; x_wconf 88' lang='lat' dir='ltr'><strong>oratoris,vel</strong></span> <span class='ocrx_word' id='word_1_112' title='bbox 744 1856 907 1939; x_wconf 84' lang='lat' dir='ltr'><strong>historici,</strong></span> <span class='ocrx_word' id='word_1_113' title='bbox 920 1880 1017 1944; x_wconf 87' lang='lat' dir='ltr'><strong>quarn</strong></span> <span class='ocrx_word' id='word_1_114' title='bbox 1032 1875 1151 1945; x_wconf 87' lang='lat' dir='ltr'><strong>poetoe,</strong></span> 
     </span>
     <span class='ocr_line' id='line_1_16' title="bbox 82 1956 1152 2047; baseline 0 -26"><span class='ocrx_word' id='word_1_115' title='bbox 82 1959 162 2047; x_wconf 87' lang='lat' dir='ltr'><strong>quia</strong></span> <span class='ocrx_word' id='word_1_116' title='bbox 180 1974 230 2022; x_wconf 91' lang='lat' dir='ltr'><strong>tot</strong></span> <span class='ocrx_word' id='word_1_117' title='bbox 251 1975 381 2047; x_wconf 87' lang='lat' dir='ltr'><strong>tamque</strong></span> <span class='ocrx_word' id='word_1_118' title='bbox 402 1958 543 2041; x_wconf 88' lang='lat' dir='ltr'><strong>diversa,</strong></span> <span class='ocrx_word' id='word_1_119' title='bbox 562 1980 634 2045; x_wconf 79' lang='lat' dir='ltr'><strong>quae</strong></span> <span class='ocrx_word' id='word_1_120' title='bbox 652 1957 748 2020; x_wconf 91' lang='lat' dir='ltr'><strong>simul</strong></span> <span class='ocrx_word' id='word_1_121' title='bbox 768 1956 970 2044; x_wconf 77' lang='lat' dir='ltr'><strong>praedicanda</strong></span> <span class='ocrx_word' id='word_1_122' title='bbox 986 1974 1079 2039; x_wconf 92' lang='lat' dir='ltr'><strong>sunt,</strong></span> <span class='ocrx_word' id='word_1_123' title='bbox 1099 1958 1152 2021; x_wconf 87' lang='lat' dir='ltr'><strong>vix</strong></span> 
     </span>
     <span class='ocr_line' id='line_1_17' title="bbox 83 2058 1152 2147; baseline 0 -25"><span class='ocrx_word' id='word_1_124' title='bbox 83 2061 130 2124; x_wconf 89' lang='lat' dir='ltr'><strong>ita</strong></span> <span class='ocrx_word' id='word_1_125' title='bbox 143 2074 282 2147; x_wconf 88' lang='lat' dir='ltr'><strong>possunt</strong></span> <span class='ocrx_word' id='word_1_126' title='bbox 301 2060 470 2147; x_wconf 88' lang='lat' dir='ltr'><strong>componi,</strong></span> <span class='ocrx_word' id='word_1_127' title='bbox 490 2074 528 2122; x_wconf 92' lang='lat' dir='ltr'><strong>ut</strong></span> <span class='ocrx_word' id='word_1_128' title='bbox 547 2059 692 2122; x_wconf 89' lang='lat' dir='ltr'><strong>membra</strong></span> <span class='ocrx_word' id='word_1_129' title='bbox 708 2058 800 2144; x_wconf 85' lang='lat' dir='ltr'><strong>quasi</strong></span> <span class='ocrx_word' id='word_1_130' title='bbox 820 2058 917 2120; x_wconf 89' lang='lat' dir='ltr'><strong>unius</strong></span> <span class='ocrx_word' id='word_1_131' title='bbox 934 2058 1061 2144; x_wconf 86' lang='lat' dir='ltr'><strong>pulchri</strong></span> <span class='ocrx_word' id='word_1_132' title='bbox 1073 2064 1152 2122; x_wconf 79' lang='lat' dir='ltr'><strong>&#39;cor-</strong></span> 
     </span>
     <span class='ocr_line' id='line_1_18' title="bbox 83 2158 1153 2249; baseline -0.002 -26"><span class='ocrx_word' id='word_1_133' title='bbox 83 2160 175 2249; x_wconf 87' lang='lat' dir='ltr'><strong>poris</strong></span> <span class='ocrx_word' id='word_1_134' title='bbox 183 2159 369 2241; x_wconf 81' lang='lat' dir='ltr'><strong>rideantur3</strong></span> <span class='ocrx_word' id='word_1_135' title='bbox 382 2181 490 2248; x_wconf 89' lang='lat' dir='ltr'><strong>neque</strong></span> <span class='ocrx_word' id='word_1_136' title='bbox 502 2181 610 2223; x_wconf 89' lang='lat' dir='ltr'><strong>rerum</strong></span> <span class='ocrx_word' id='word_1_137' title='bbox 623 2158 767 2221; x_wconf 88' lang='lat' dir='ltr'><strong>delectus</strong></span> <span class='ocrx_word' id='word_1_138' title='bbox 779 2158 860 2220; x_wconf 89' lang='lat' dir='ltr'><strong>liber</strong></span> <span class='ocrx_word' id='word_1_139' title='bbox 873 2174 932 2237; x_wconf 81' lang='lat' dir='ltr'><strong>est,</strong></span> <span class='ocrx_word' id='word_1_140' title='bbox 944 2180 1052 2244; x_wconf 87' lang='lat' dir='ltr'><strong>neque</strong></span> <span class='ocrx_word' id='word_1_141' title='bbox 1062 2159 1153 2221; x_wconf 91' lang='lat' dir='ltr'><strong>omni</strong></span> 
     </span>
     <span class='ocr_line' id='line_1_19' title="bbox 84 2257 1153 2348; baseline -0.003 -23"><span class='ocrx_word' id='word_1_142' title='bbox 84 2259 261 2325; x_wconf 84' lang='lat' dir='ltr'><strong>verborum</strong></span> <span class='ocrx_word' id='word_1_143' title='bbox 279 2277 311 2324; x_wconf 89' lang='lat' dir='ltr'><strong>et</strong></span> <span class='ocrx_word' id='word_1_144' title='bbox 322 2260 554 2324; x_wconf 89' lang='lat' dir='ltr'><strong>sententiarum</strong></span> <span class='ocrx_word' id='word_1_145' title='bbox 567 2282 686 2348; x_wconf 91' lang='lat' dir='ltr'><strong>pompa</strong></span> <span class='ocrx_word' id='word_1_146' title='bbox 700 2260 753 2323; x_wconf 90' lang='lat' dir='ltr'><strong>ille</strong></span> <span class='ocrx_word' id='word_1_147' title='bbox 770 2257 866 2322; x_wconf 90' lang='lat' dir='ltr'><strong>ardor</strong></span> <span class='ocrx_word' id='word_1_148' title='bbox 884 2259 1014 2321; x_wconf 85' lang='lat' dir='ltr'><strong>excitari</strong></span> <span class='ocrx_word' id='word_1_149' title='bbox 1030 2275 1153 2346; x_wconf 88' lang='lat' dir='ltr'><strong>potest,</strong></span> 
     </span>
     <span class='ocr_line' id='line_1_20' title="bbox 85 2360 1153 2449; baseline -0.002 -25"><span class='ocrx_word' id='word_1_150' title='bbox 85 2381 156 2449; x_wconf 89' lang='lat' dir='ltr'><strong>quo</strong></span> <span class='ocrx_word' id='word_1_151' title='bbox 170 2360 264 2424; x_wconf 88' lang='lat' dir='ltr'><strong>liberi</strong></span> <span class='ocrx_word' id='word_1_152' title='bbox 280 2362 421 2449; x_wconf 89' lang='lat' dir='ltr'><strong>ingenii,</strong></span> <span class='ocrx_word' id='word_1_153' title='bbox 438 2380 594 2425; x_wconf 88' lang='lat' dir='ltr'><strong>sensuum</strong></span> <span class='ocrx_word' id='word_1_154' title='bbox 612 2377 645 2425; x_wconf 86' lang='lat' dir='ltr'><strong>et</strong></span> <span class='ocrx_word' id='word_1_155' title='bbox 661 2361 839 2448; x_wconf 86' lang='lat' dir='ltr'><strong>imaginum</strong></span> <span class='ocrx_word' id='word_1_156' title='bbox 858 2361 992 2423; x_wconf 87' lang='lat' dir='ltr'><strong>veritate</strong></span> <span class='ocrx_word' id='word_1_157' title='bbox 1009 2361 1153 2442; x_wconf 87' lang='lat' dir='ltr'><strong>accensi,</strong></span> 
     </span>
     <span class='ocr_line' id='line_1_21' title="bbox 87 2460 1154 2551; baseline 0 -26"><span class='ocrx_word' id='word_1_158' title='bbox 87 2462 186 2526; x_wconf 83' lang='lat' dir='ltr'><strong>loetus</strong></span> <span class='ocrx_word' id='word_1_159' title='bbox 202 2478 441 2551; x_wconf 82' lang='lat' dir='ltr'><strong>agnoscuntur3</strong></span> <span class='ocrx_word' id='word_1_160' title='bbox 459 2463 526 2526; x_wconf 92' lang='lat' dir='ltr'><strong>noli</strong></span> <span class='ocrx_word' id='word_1_161' title='bbox 554 2463 679 2545; x_wconf 85' lang='lat' dir='ltr'><strong>mirari,</strong></span> <span class='ocrx_word' id='word_1_162' title='bbox 697 2460 787 2549; x_wconf 90' lang='lat' dir='ltr'><strong>quod</strong></span> <span class='ocrx_word' id='word_1_163' title='bbox 805 2461 839 2524; x_wconf 92' lang='lat' dir='ltr'><strong>in</strong></span> <span class='ocrx_word' id='word_1_164' title='bbox 864 2461 1027 2549; x_wconf 89' lang='lat' dir='ltr'><strong>prioribus</strong></span> <span class='ocrx_word' id='word_1_165' title='bbox 1040 2461 1154 2551; x_wconf 89' lang='lat' dir='ltr'><strong>decla·</strong></span> 
     </span>
     <span class='ocr_line' id='line_1_22' title="bbox 88 2560 1154 2653; baseline -0.002 -27"><span class='ocrx_word' id='word_1_166' title='bbox 88 2577 248 2627; x_wconf 88' lang='lat' dir='ltr'><strong>matorem</strong></span> <span class='ocrx_word' id='word_1_167' title='bbox 265 2580 392 2628; x_wconf 88' lang='lat' dir='ltr'><strong>tantum</strong></span> <span class='ocrx_word' id='word_1_168' title='bbox 408 2564 525 2627; x_wconf 88' lang='lat' dir='ltr'><strong>sentias</strong></span> <span class='ocrx_word' id='word_1_169' title='bbox 542 2563 669 2653; x_wconf 90' lang='lat' dir='ltr'><strong>poetico</strong></span> <span class='ocrx_word' id='word_1_170' title='bbox 684 2579 802 2625; x_wconf 90' lang='lat' dir='ltr'><strong>ornatu</strong></span> <span class='ocrx_word' id='word_1_171' title='bbox 820 2560 1038 2638; x_wconf 87' lang='lat' dir='ltr'><strong>incedentem,</strong></span> <span class='ocrx_word' id='word_1_172' title='bbox 1057 2579 1154 2648; x_wconf 88' lang='lat' dir='ltr'><strong>teque</strong></span> 
     </span>
     <span class='ocr_line' id='line_1_23' title="bbox 87 2661 1154 2753; baseline -0.001 -26"><span class='ocrx_word' id='word_1_173' title='bbox 87 2665 198 2753; x_wconf 89' lang='lat' dir='ltr'><strong>ipsum</strong></span> <span class='ocrx_word' id='word_1_174' title='bbox 211 2664 245 2726; x_wconf 91' lang='lat' dir='ltr'><strong>in</strong></span> <span class='ocrx_word' id='word_1_175' title='bbox 264 2681 355 2728; x_wconf 90' lang='lat' dir='ltr'><strong>tanto</strong></span> <span class='ocrx_word' id='word_1_176' title='bbox 372 2665 448 2728; x_wconf 87' lang='lat' dir='ltr'><strong>artis</strong></span> <span class='ocrx_word' id='word_1_177' title='bbox 464 2680 619 2753; x_wconf 89' lang='lat' dir='ltr'><strong>apparatu</strong></span> <span class='ocrx_word' id='word_1_178' title='bbox 635 2664 714 2727; x_wconf 91' lang='lat' dir='ltr'><strong>nihil</strong></span> <span class='ocrx_word' id='word_1_179' title='bbox 731 2678 944 2726; x_wconf 89' lang='lat' dir='ltr'><strong>commotum.</strong></span> <span class='ocrx_word' id='word_1_180' title='bbox 958 2661 1154 2749; x_wconf 87' lang='lat' dir='ltr'><strong>Nuptiarum</strong></span> 
     </span>
     <span class='ocr_line' id='line_1_24' title="bbox 89 2763 1155 2852; baseline -0.001 -25"><span class='ocrx_word' id='word_1_181' title='bbox 89 2763 246 2852; x_wconf 86' lang='lat' dir='ltr'><strong>cogitatio</strong></span> <span class='ocrx_word' id='word_1_182' title='bbox 272 2765 397 2851; x_wconf 86' lang='lat' dir='ltr'><strong>copiam</strong></span> <span class='ocrx_word' id='word_1_183' title='bbox 422 2787 531 2828; x_wconf 88' lang='lat' dir='ltr'><strong>rerum</strong></span> <span class='ocrx_word' id='word_1_184' title='bbox 559 2782 591 2829; x_wconf 91' lang='lat' dir='ltr'><strong>et</strong></span> <span class='ocrx_word' id='word_1_185' title='bbox 614 2765 791 2852; x_wconf 80' lang='lat' dir='ltr'><strong>imaginum</strong></span> <span class='ocrx_word' id='word_1_186' title='bbox 815 2778 1024 2826; x_wconf 79' lang='lat' dir='ltr'><strong>venustatum</strong></span> <span class='ocrx_word' id='word_1_187' title='bbox 1052 2781 1155 2851; x_wconf 84' lang='lat' dir='ltr'><strong>poetae</strong></span> 
     </span>
     <span class='ocr_line' id='line_1_25' title="bbox 91 2863 1154 2954; baseline 0 -27"><span class='ocrx_word' id='word_1_188' title='bbox 91 2865 193 2928; x_wconf 90' lang='lat' dir='ltr'><strong>menti</strong></span> <span class='ocrx_word' id='word_1_189' title='bbox 212 2866 386 2954; x_wconf 83' lang='lat' dir='ltr'><strong>suggessit,</strong></span> <span class='ocrx_word' id='word_1_190' title='bbox 405 2889 484 2952; x_wconf 87' lang='lat' dir='ltr'><strong>quas</strong></span> <span class='ocrx_word' id='word_1_191' title='bbox 507 2866 695 2929; x_wconf 89' lang='lat' dir='ltr'><strong>inventione</strong></span> <span class='ocrx_word' id='word_1_192' title='bbox 716 2864 882 2953; x_wconf 89' lang='lat' dir='ltr'><strong>ingeniosa</strong></span> <span class='ocrx_word' id='word_1_193' title='bbox 905 2863 947 2928; x_wconf 90' lang='lat' dir='ltr'><strong>ita</strong></span> <span class='ocrx_word' id='word_1_194' title='bbox 970 2865 1154 2944; x_wconf 79' lang='lat' dir='ltr'><strong>conjunxit,</strong></span> 
     </span>
     <span class='ocr_line' id='line_1_26' title="bbox 90 2963 1156 3051; baseline -0.001 -23"><span class='ocrx_word' id='word_1_195' title='bbox 90 2981 130 3029; x_wconf 91' lang='lat' dir='ltr'><strong>ut</strong></span> <span class='ocrx_word' id='word_1_196' title='bbox 145 2966 284 3028; x_wconf 86' lang='lat' dir='ltr'><strong>naturali</strong></span> <span class='ocrx_word' id='word_1_197' title='bbox 293 2966 424 3029; x_wconf 83' lang='lat' dir='ltr'><strong>vinculo</strong></span> <span class='ocrx_word' id='word_1_198' title='bbox 438 2967 522 3029; x_wconf 88' lang='lat' dir='ltr'><strong>inter</strong></span> <span class='ocrx_word' id='word_1_199' title='bbox 536 2988 568 3029; x_wconf 89' lang='lat' dir='ltr'><strong>se</strong></span> <span class='ocrx_word' id='word_1_200' title='bbox 581 2967 742 3030; x_wconf 74' lang='lat' dir='ltr'><strong>cohaerere</strong></span> <span class='ocrx_word' id='word_1_201' title='bbox 758 2964 938 3028; x_wconf 88' lang='lat' dir='ltr'><strong>videantur.</strong></span> <span class='ocrx_word' id='word_1_202' title='bbox 953 2963 1156 3051; x_wconf 89' lang='lat' dir='ltr'><strong>Compositio</strong></span> 
     </span>
     <span class='ocr_line' id='line_1_27' title="bbox 91 3065 1156 3155; baseline -0.001 -26"><span class='ocrx_word' id='word_1_203' title='bbox 91 3082 190 3153; x_wconf 84' lang='lat' dir='ltr'><strong>atque</strong></span> <span class='ocrx_word' id='word_1_204' title='bbox 213 3066 418 3131; x_wconf 86' lang='lat' dir='ltr'><strong>adumbratio</strong></span> <span class='ocrx_word' id='word_1_205' title='bbox 442 3084 570 3155; x_wconf 91' lang='lat' dir='ltr'><strong>poetam</strong></span> <span class='ocrx_word' id='word_1_206' title='bbox 602 3067 730 3155; x_wconf 92' lang='lat' dir='ltr'><strong>prodit,</strong></span> <span class='ocrx_word' id='word_1_207' title='bbox 752 3087 938 3154; x_wconf 89' lang='lat' dir='ltr'><strong>quanquam</strong></span> <span class='ocrx_word' id='word_1_208' title='bbox 964 3065 997 3126; x_wconf 90' lang='lat' dir='ltr'><strong>in</strong></span> <span class='ocrx_word' id='word_1_209' title='bbox 1021 3065 1156 3154; x_wconf 89' lang='lat' dir='ltr'><strong>singulis</strong></span> 
     </span>
     <span class='ocr_line' id='line_1_28' title="bbox 92 3164 1155 3256; baseline -0.003 -25"><span class='ocrx_word' id='word_1_210' title='bbox 92 3167 239 3253; x_wconf 74' lang='lat' dir='ltr'><strong>partibus</strong></span> <span class='ocrx_word' id='word_1_211' title='bbox 265 3167 464 3255; x_wconf 82' lang='lat' dir='ltr'><strong>expoliendis</strong></span> <span class='ocrx_word' id='word_1_212' title='bbox 491 3169 695 3256; x_wconf 87' lang='lat' dir='ltr'><strong>popularium</strong></span> <span class='ocrx_word' id='word_1_213' title='bbox 724 3168 824 3256; x_wconf 88' lang='lat' dir='ltr'><strong>magis</strong></span> <span class='ocrx_word' id='word_1_214' title='bbox 852 3164 1030 3249; x_wconf 87' lang='lat' dir='ltr'><strong>judicium,</strong></span> <span class='ocrx_word' id='word_1_215' title='bbox 1057 3190 1155 3253; x_wconf 90' lang='lat' dir='ltr'><strong>quam</strong></span> 
     </span>
     <span class='ocr_line' id='line_1_29' title="bbox 93 3267 1156 3357; baseline 0.001 -28"><span class='ocrx_word' id='word_1_216' title='bbox 93 3282 218 3331; x_wconf 88' lang='lat' dir='ltr'><strong>naturae</strong></span> <span class='ocrx_word' id='word_1_217' title='bbox 241 3268 408 3332; x_wconf 87' lang='lat' dir='ltr'><strong>veritatem</strong></span> <span class='ocrx_word' id='word_1_218' title='bbox 428 3285 525 3355; x_wconf 88' lang='lat' dir='ltr'><strong>atque</strong></span> <span class='ocrx_word' id='word_1_219' title='bbox 551 3270 786 3357; x_wconf 85' lang='lat' dir='ltr'><strong>simplicitatem</strong></span> <span class='ocrx_word' id='word_1_220' title='bbox 811 3284 940 3331; x_wconf 88' lang='lat' dir='ltr'><strong>secutus</strong></span> <span class='ocrx_word' id='word_1_221' title='bbox 965 3267 1023 3347; x_wconf 87' lang='lat' dir='ltr'><strong>sit,</strong></span> <span class='ocrx_word' id='word_1_222' title='bbox 1049 3290 1156 3356; x_wconf 89' lang='lat' dir='ltr'><strong>neque</strong></span> 
     </span>
     <span class='ocr_line' id='line_1_30' title="bbox 93 3368 1155 3457; baseline 0 -26"><span class='ocrx_word' id='word_1_223' title='bbox 93 3368 231 3431; x_wconf 89' lang='lat' dir='ltr'><strong>omnino</strong></span> <span class='ocrx_word' id='word_1_224' title='bbox 245 3368 328 3431; x_wconf 90' lang='lat' dir='ltr'><strong>liber</strong></span> <span class='ocrx_word' id='word_1_225' title='bbox 343 3371 440 3432; x_wconf 84' lang='lat' dir='ltr'><strong>suerit</strong></span> <span class='ocrx_word' id='word_1_226' title='bbox 451 3370 492 3432; x_wconf 90' lang='lat' dir='ltr'><strong>ab</strong></span> <span class='ocrx_word' id='word_1_227' title='bbox 511 3371 549 3432; x_wconf 91' lang='lat' dir='ltr'><strong>iis</strong></span> <span class='ocrx_word' id='word_1_228' title='bbox 566 3371 667 3453; x_wconf 88' lang='lat' dir='ltr'><strong>vitiis,</strong></span> <span class='ocrx_word' id='word_1_229' title='bbox 685 3393 756 3457; x_wconf 84' lang='lat' dir='ltr'><strong>quae</strong></span> <span class='ocrx_word' id='word_1_230' title='bbox 775 3385 959 3456; x_wconf 89' lang='lat' dir='ltr'><strong>temporum</strong></span> <span class='ocrx_word' id='word_1_231' title='bbox 978 3384 1010 3431; x_wconf 91' lang='lat' dir='ltr'><strong>et</strong></span> <span class='ocrx_word' id='word_1_232' title='bbox 1026 3391 1155 3433; x_wconf 89' lang='lat' dir='ltr'><strong>morum</strong></span> 
     </span>
     <span class='ocr_line' id='line_1_31' title="bbox 92 3469 1159 3559; baseline 0 -26"><span class='ocrx_word' id='word_1_233' title='bbox 92 3470 278 3556; x_wconf 83' lang='lat' dir='ltr'><strong>corruptela</strong></span> <span class='ocrx_word' id='word_1_234' title='bbox 291 3471 324 3532; x_wconf 90' lang='lat' dir='ltr'><strong>in</strong></span> <span class='ocrx_word' id='word_1_235' title='bbox 335 3487 437 3534; x_wconf 88' lang='lat' dir='ltr'><strong>artem</strong></span> <span class='ocrx_word' id='word_1_236' title='bbox 453 3472 610 3558; x_wconf 89' lang='lat' dir='ltr'><strong>poetieam</strong></span> <span class='ocrx_word' id='word_1_237' title='bbox 627 3473 800 3535; x_wconf 87' lang='lat' dir='ltr'><strong>invexerat.</strong></span> <span class='ocrx_word' id='word_1_238' title='bbox 817 3472 855 3533; x_wconf 91' lang='lat' dir='ltr'><strong>ln</strong></span> <span class='ocrx_word' id='word_1_239' title='bbox 869 3469 1011 3532; x_wconf 89' lang='lat' dir='ltr'><strong>carmine</strong></span> <span class='ocrx_word' id='word_1_240' title='bbox 1021 3471 1052 3532; x_wconf 87' lang='lat' dir='ltr'>X</span> <span class='ocrx_word' id='word_1_241' title='bbox 1066 3469 1159 3559; x_wconf 87' lang='lat' dir='ltr'><strong>fingit</strong></span> 
     </span>
     <span class='ocr_line' id='line_1_32' title="bbox 94 3568 1157 3659; baseline -0.001 -26"><span class='ocrx_word' id='word_1_242' title='bbox 94 3586 202 3659; x_wconf 86' lang='lat' dir='ltr'><strong>poeta,</strong></span> <span class='ocrx_word' id='word_1_243' title='bbox 212 3571 396 3635; x_wconf 84' lang='lat' dir='ltr'><strong>Honoriunt</strong></span> <span class='ocrx_word' id='word_1_244' title='bbox 405 3573 523 3636; x_wconf 89' lang='lat' dir='ltr'><strong>amoris</strong></span> <span class='ocrx_word' id='word_1_245' title='bbox 534 3571 693 3636; x_wconf 91' lang='lat' dir='ltr'><strong>desiderio</strong></span> <span class='ocrx_word' id='word_1_246' title='bbox 706 3586 908 3659; x_wconf 88' lang='lat' dir='ltr'><strong>correptum,</strong></span> <span class='ocrx_word' id='word_1_247' title='bbox 918 3568 959 3631; x_wconf 90' lang='lat' dir='ltr'><strong>de</strong></span> <span class='ocrx_word' id='word_1_248' title='bbox 970 3570 1157 3657; x_wconf 87' lang='lat' dir='ltr'><strong>nuptiarum</strong></span> 
     </span>
     <span class='ocr_line' id='line_1_33' title="bbox 94 3668 1158 3760; baseline 0.002 -27"><span class='ocrx_word' id='word_1_249' title='bbox 94 3668 252 3734; x_wconf 87' lang='lat' dir='ltr'><strong>dilatione</strong></span> <span class='ocrx_word' id='word_1_250' title='bbox 262 3672 364 3757; x_wconf 88' lang='lat' dir='ltr'><strong>queri.</strong></span> <span class='ocrx_word' id='word_1_251' title='bbox 377 3672 521 3760; x_wconf 89' lang='lat' dir='ltr'><strong>Cupido,</strong></span> <span class='ocrx_word' id='word_1_252' title='bbox 532 3689 644 3736; x_wconf 88' lang='lat' dir='ltr'><strong>auctor</strong></span> <span class='ocrx_word' id='word_1_253' title='bbox 653 3673 794 3735; x_wconf 89' lang='lat' dir='ltr'><strong>vulneris</strong></span> <span class='ocrx_word' id='word_1_254' title='bbox 804 3719 813 3752; x_wconf 92' lang='lat'><strong>,</strong></span> <span class='ocrx_word' id='word_1_255' title='bbox 823 3670 942 3750; x_wconf 89' lang='lat' dir='ltr'><strong>adstat,</strong></span> <span class='ocrx_word' id='word_1_256' title='bbox 955 3686 986 3733; x_wconf 92' lang='lat' dir='ltr'><strong>et</strong></span> <span class='ocrx_word' id='word_1_257' title='bbox 995 3671 1053 3734; x_wconf 93' lang='lat' dir='ltr'><strong>ubi</strong></span> <span class='ocrx_word' id='word_1_258' title='bbox 1063 3671 1158 3751; x_wconf 84' lang='lat' dir='ltr'><strong>vidit,</strong></span> 
     </span>
     <span class='ocr_line' id='line_1_34' title="bbox 99 3771 1158 3859; baseline 0.003 -25"><span class='ocrx_word' id='word_1_259' title='bbox 99 3771 237 3834; x_wconf 86' lang='lat' dir='ltr'><strong>Honorii</strong></span> <span class='ocrx_word' id='word_1_260' title='bbox 252 3789 365 3859; x_wconf 90' lang='lat' dir='ltr'><strong>peetus</strong></span> <span class='ocrx_word' id='word_1_261' title='bbox 382 3775 446 3836; x_wconf 89' lang='lat' dir='ltr'><strong>telo</strong></span> <span class='ocrx_word' id='word_1_262' title='bbox 462 3774 561 3837; x_wconf 89' lang='lat' dir='ltr'><strong>misso</strong></span> <span class='ocrx_word' id='word_1_263' title='bbox 576 3772 827 3854; x_wconf 86' lang='lat' dir='ltr'><strong>inflammatum,</strong></span> <span class='ocrx_word' id='word_1_264' title='bbox 843 3772 949 3836; x_wconf 87' lang='lat' dir='ltr'><strong>statim</strong></span> <span class='ocrx_word' id='word_1_265' title='bbox 966 3771 1006 3835; x_wconf 92' lang='lat' dir='ltr'><strong>ad</strong></span> <span class='ocrx_word' id='word_1_266' title='bbox 1022 3790 1158 3837; x_wconf 88' lang='lat' dir='ltr'><strong>matrem</strong></span> 
     </span>
     <span class='ocr_line' id='line_1_35' title="bbox 96 3871 1160 3962; baseline 0.004 -31"><span class='ocrx_word' id='word_1_267' title='bbox 96 3871 215 3951; x_wconf 83' lang='lat' dir='ltr'><strong>avolat,</strong></span> <span class='ocrx_word' id='word_1_268' title='bbox 230 3886 352 3935; x_wconf 90' lang='lat' dir='ltr'><strong>tantam</strong></span> <span class='ocrx_word' id='word_1_269' title='bbox 362 3874 526 3937; x_wconf 85' lang='lat' dir='ltr'><strong>victoriam</strong></span> <span class='ocrx_word' id='word_1_270' title='bbox 542 3876 753 3939; x_wconf 86' lang='lat' dir='ltr'><strong>nunciaturus</strong></span> <span class='ocrx_word' id='word_1_271' title='bbox 764 3875 818 3961; x_wconf 83' lang='lat' dir='ltr'><strong>(X,</strong></span> <span class='ocrx_word' id='word_1_272' title='bbox 831 3873 960 3960; x_wconf 73' lang='lat'>1-48).</span> <span class='ocrx_word' id='word_1_273' title='bbox 974 3874 1081 3937; x_wconf 84' lang='lat' dir='ltr'><strong>lllorcs</strong></span> <span class='ocrx_word' id='word_1_274' title='bbox 1091 3875 1160 3962; x_wconf 90' lang='lat' dir='ltr'><strong>qui·</strong></span> 
     </span>
     <span class='ocr_line' id='line_1_36' title="bbox 97 3968 1159 4063; baseline 0.006 -31"><span class='ocrx_word' id='word_1_275' title='bbox 97 3968 176 4033; x_wconf 88' lang='lat' dir='ltr'><strong>dem</strong></span> <span class='ocrx_word' id='word_1_276' title='bbox 197 3972 282 4051; x_wconf 83' lang='lat' dir='ltr'><strong>ejus,</strong></span> <span class='ocrx_word' id='word_1_277' title='bbox 306 3975 381 4061; x_wconf 90' lang='lat' dir='ltr'><strong>qui,</strong></span> <span class='ocrx_word' id='word_1_278' title='bbox 406 3977 510 4063; x_wconf 87' lang='lat' dir='ltr'><strong>primo</strong></span> <span class='ocrx_word' id='word_1_279' title='bbox 536 3999 645 4039; x_wconf 87' lang='lat' dir='ltr'><strong>amore</strong></span> <span class='ocrx_word' id='word_1_280' title='bbox 670 3987 841 4056; x_wconf 83' lang='lat' dir='ltr'><strong>aecensus,</strong></span> <span class='ocrx_word' id='word_1_281' title='bbox 862 3974 1010 4037; x_wconf 91' lang='lat' dir='ltr'><strong>omnium</strong></span> <span class='ocrx_word' id='word_1_282' title='bbox 1033 3994 1159 4050; x_wconf 88' lang='lat' dir='ltr'><strong>rerum,</strong></span> 
     </span>
    </p>
   </div>
   <div class='ocr_carea' id='block_1_5' title="bbox 0 0 1371 4808">
    <p class='ocr_par' dir='ltr' id='par_1_5' title="bbox 0 0 1371 4808">
     <span class='ocr_line' id='line_1_37' title="bbox 0 0 1371 4808; baseline 0 0"><span class='ocrx_word' id='word_1_283' title='bbox 0 0 1371 4808; x_wconf 95' lang='lat' dir='ltr'><strong> </strong></span> 
     </span>
    </p>
   </div>
  </div>
 </body>
</html>
