2686 4808
331 324 388 391 IN
415 324 490 391 CL.
519 324 896 393 CLAUDIANUM.
1098 328 1140 401 31

72 441 221 527 expressi
243 441 285 527 (a.
309 443 369 521 do,
386 439 501 528 seqq).
516 416 639 505 'Minus
661 443 765 528 placet
787 442 994 527 declamatio,
1011 469 1075 533 qua
1095 450 1148 513 ille

71 541 207 629 generis
227 540 429 606 nobilitatem
451 557 483 605 et
503 541 634 606 Palladii
654 558 687 606 et
709 544 865 608 Celerinae
893 545 1033 610 celebrat
1046 550 1089 636 (v.
1107 550 1148 615 56

70 640 198 728 -99).
204 642 287 729 Apte
296 642 330 705 in
341 641 445 729 priori
456 640 528 728 (X,
539 640 599 706 135
612 642 717 731 seqq.)
725 644 839 708 Triton
846 645 1148 733 Cymothoenrclu·

72 756 221 805 ctautem
235 742 381 807 ambiens
396 741 661 830 deprehenditur,
677 745 751 832 qui,
765 744 823 807 ubi
838 745 979 828 audivit,
993 748 1021 811 si
1034 771 1149 837 prope·

73 858 194 926 resset,
204 844 330 909 facilem
338 843 402 908 sibi
412 844 531 908 dehine
544 844 631 909 illam
645 845 739 910 deam
753 848 842 929 fore,
855 846 898 911 ad
911 848 987 913 litus
1001 848 1144 933 festinat,

73 942 111 1005 in
132 943 223 1009 illum
247 947 393 1034 corporis
414 946 564 1011 habiturn
585 948 804 1035 compositus,
826 971 894 1037 quo
910 950 1071 1016 Venerem
1087 977 1148 1041 per

74 1064 167 1110 mare
186 1047 339 1111 rehensa
357 1048 497 1135 plastieis
522 1065 556 1112 et
574 1049 753 1136 pictoribus
770 1048 848 1140 fingi
859 1051 952 1117 solet.
972 1055 1011 1117 ln
1029 1054 1146 1121 itinere

73 1145 292 1212 describendo
316 1164 412 1236 poeta
436 1149 568 1237 ingenio
596 1149 772 1214 luxurianti
793 1150 888 1214 nimis
908 1151 1060 1235 indulsit3
1084 1179 1146 1221 nee

73 1248 256 1336 margaritas
264 1271 301 1330 ,a
312 1249 473 1337 Nymphis
483 1250 616 1313 marinis
628 1272 646 1313 e
658 1249 866 1314 marisfundo
878 1251 913 1314 in
927 1251 1147 1343 donanuptia·

73 1348 117 1411 lis
130 1350 257 1436 petitae,
270 1350 347 1413 satis
362 1351 554 1437 probantur.
572 1352 611 1414 In
626 1351 728 1413 altero
742 1351 754 1437 (
760 1351 890 1433 XXXI,
903 1375 934 1416 r.
953 1353 1014 1417 103
1031 1357 1146 1444 seqq.)

72 1471 177 1513 curru
198 1451 329 1515 rebitur
342 1450 452 1514 Venus
471 1449 606 1515 floribus
630 1468 748 1515 ornato
764 1467 797 1515 et
812 1475 830 1514 a
846 1453 1005 1517 oolumhis
1022 1470 1144 1541 traeto;

71 1552 335 1617 Amoresavibus
344 1551 522 1616 insidentes
532 1575 591 1640 per
604 1575 698 1616 auras
714 1553 777 1616 iter
790 1553 924 1618 faciunt.
939 1557 977 1619 ln
996 1559 1143 1622 oratione

71 1652 210 1717 Veneris
221 1654 286 1741 (X,
307 1653 503 1740 spo-227),
521 1676 584 1740 qua
601 1653 775 1717 comitibus
783 1669 898 1743 partes
913 1654 1032 1741 cuique
1042 1678 1142 1745 agen·

71 1753 133 1819 das
146 1754 329 1838 distribuit,
342 1777 451 1819 rerum
467 1755 633 1843 opulentia
648 1754 744 1817 nimis
756 1754 900 1818 studiose
920 1756 1023 1819 oculis
1044 1780 1143 1844 expo·

71 1856 135 1919 sita
149 1856 299 1921 offendit.
319 1854 465 1920 Tandem
477 1855 519 1918 ad
527 1855 637 1919 Mariae
646 1854 729 1918 oedes
739 1856 944 1941 pervenitur,
956 1879 1027 1943 quae
1036 1859 1141 1944 puella

72 1966 147 2023 ttu'u
164 1959 301 2023 maxime
315 1980 355 2022 ex
365 1974 511 2022 veterum
520 1958 708 2023 Graeeorum
719 1973 752 2018 et
760 1957 950 2019 Latinorum
960 1959 1076 2044 poetis,
1093 1975 1141 2041 et,

71 2059 168 2147 quod
189 2060 331 2143 mireris,
353 2081 394 2123 ex
406 2059 556 2147 Sapphus
578 2057 793 2139 carminibus,
812 2057 974 2144 pudicitiae
997 2061 1142 2146 exempla

70 2161 227 2227 discebat.
245 2160 458 2226 Pulchritudo
475 2161 586 2223 matris
602 2175 635 2222 et
651 2158 723 2223 filiae
732 2159 867 2222 Veneris
885 2175 1018 2244 stupore
1035 2163 1142 2246 expri-

71 2262 192 2345 mitur,
215 2262 345 2343 adjectis
361 2260 628 2325 similitudinibus
651 2258 740 2323 haud
765 2259 900 2347 ineptis,
922 2257 979 2322 scd
1002 2280 1142 2347 sequens

70 2366 196 2447 oratio,
210 2365 407 2454 quseVeneri
420 2364 576 2428 tribuitur
585 2362 628 2450 (v.
641 2361 702 2425 252
711 2400 755 2409 —
764 2361 851 2448 281),
864 2382 1052 2448 quanquam
1074 2385 1140 2426 non

71 2469 211 2531 omnino
225 2467 387 2555 displicet,
399 2466 557 2529 oratorios
568 2464 670 2552 magis
684 2463 829 2550 lecythos
844 2462 942 2549 sapit,
956 2484 1053 2549 quam
1069 2463 1143 2526 sim·

70 2569 249 2657 plicitatem
273 2585 305 2631 et
327 2583 528 2631 venustatem
546 2566 672 2629 Venere
695 2563 838 2653 dignam.
860 2564 964 2625 Etiam
986 2562 1019 2624 in
1042 2565 1142 2629 altero

71 2666 218 2756 (xxxi,
231 2693 263 2735 v.
284 2668 472 2754 116-138)
487 2667 598 2731 Venus
614 2665 656 2729 ad
671 2664 755 2728 aedcs
768 2664 923 2727 Celerinae
938 2662 1059 2747 tendit,
1076 2688 1142 2728 cas·

69 2792 137 2857 que
149 2768 284 2833 floribus
301 2784 396 2833 ornat
411 2785 443 2833 et
458 2769 591 2833 balsami
606 2766 764 2831 odoribus
781 2765 912 2852 implet;
930 2780 1019 2847 tum,
1036 2768 1142 2853 puella

70 2871 112 2935 ad
129 2871 284 2950 juvenem
301 2894 320 2933 e
343 2871 453 2934 matris
474 2870 599 2959 gremio
624 2867 782 2948 deducta,
800 2867 987 2953 junctisque
1010 2867 1141 2931 illorum

70 2972 241 3052 manibus,
254 2973 364 3054 illum,
375 2987 412 3034 ut
424 2972 574 3059 precibus
589 2971 699 3059 potius
714 2992 812 3057 quam
826 2959 858 3032 'vi
872 2970 1014 3056 puellam
1028 2992 1142 3058 aggre-

70 3070 198 3155 diatur,
215 3073 316 3156 banc,
330 3095 372 3136 ne
388 3074 484 3136 nimis
495 3073 606 3152 juveni
618 3086 795 3159 repugnet,
813 3069 1030 3134 adhortatur¹.

115 3268 138 3303 ι.
154 3248 209 3303 sed
220 3268 257 3302 ne
270 3268 373 3321 semper
385 3250 543 3320 Virgilium,
557 3250 698 3302 Horatium
713 3248 829 3320 aliosque
845 3261 950 3319 poetas,
968 3266 1034 3318 quos
1047 3247 1142 3300 melius

70 3348 158 3383 mum
171 3329 299 3401 protulit,
315 3331 475 3400 cogitantes,
495 3328 671 3383 Claudianum
688 3347 742 3399 prae
761 3329 812 3380 illis
823 3326 997 3391 fastidiamus,
1013 3345 1059 3397 age
1068 3346 1142 3380 eom-

69 3427 196 3480 paremus
215 3409 292 3461 illum
311 3428 372 3462 eum
392 3409 502 3462 Sidonio
521 3410 682 3481 Apollinari,
704 3410 779 3479 eujus
801 3407 855 3459 duo
874 3406 1042 3478 epithalamia
1064 3419 1140 3474 sunt,

70 3490 186 3541 alterum
202 3488 312 3541 Ruricio
329 3501 355 3541 et
368 3489 479 3552 Iberis,
496 3490 608 3542 alterum
624 3488 743 3541 Polemio
758 3500 785 3540 et
799 3488 935 3539 Araneola
951 3484 1062 3540 dietum.
1078 3489 1141 3553 Quo

70 3569 158 3632 laeto,
172 3568 222 3621 etsi
241 3587 296 3621 non
314 3567 433 3640 undique
448 3581 516 3622 teres
537 3570 570 3621 sit
592 3567 753 3623 Claudianus
772 3580 798 3619 et
817 3565 964 3631 rotundus,
979 3568 1141 3638 maculaque

69 3646 224 3715 offendam,
238 3666 302 3719 quas
314 3647 444 3720 adspersit
456 3649 611 3701 recentioris
623 3649 672 3701 aevi
685 3645 863 3712 consuetudo,
879 3647 993 3699 libenter
1006 3660 1092 3700 tamen
1106 3648 1140 3699 ab

69 3725 176 3781 Sidonii
195 3728 294 3798 frigore
312 3740 339 3780 et
355 3728 494 3797 jejunitate
512 3727 546 3780 ad
565 3728 641 3780 illum
660 3727 828 3797 refugiemus.
852 3728 884 3780 ln
899 3726 988 3798 priore
1004 3728 1139 3790 camnine,

69 3805 145 3878 qnod
161 3807 264 3859 nnllam
279 3807 359 3859 habet
376 3808 537 3860 inventionis
554 3806 675 3871 laudem,
692 3805 738 3859 sed
754 3807 930 3859 imitationem
945 3807 1034 3877 potius
1049 3807 1140 3877 pueri-

68 3886 132 3947 lem,
143 3885 242 3957 incipit
255 3899 362 3956 poetaa
378 3885 557 3959 descriptione
569 3886 638 3941 sedis
652 3888 777 3939 Veneres
791 3907 816 3940 v.
836 3888 927 3945 ms,
942 3888 976 3939 el.
992 3884 1084 3938 Claud.
1099 3887 1139 3946 Χ,

68 3966 192 4034 ,ξς-ὄις
213 3979 241 4019 et
258 3966 351 4037 templi
371 3986 397 4020 v.
420 3972 538 4029 ili-26,
562 3968 597 4020 el.
614 3966 707 4020 Claud.
724 3968 743 4020 l.
758 3986 782 4020 e.
800 3967 836 4021 85
844 3985 913 4036 ·91·
928 3967 1038 4026 Triton,
1058 3983 1137 4035 quarn

67 4044 198 4098 Galathca
212 4046 369 4107 comitatur,
384 4046 437 4098 huc
452 4046 524 4099 vehit
540 4048 687 4112 Venerem;
708 4050 818 4099 Amores
835 4058 992 4116 sequuntur.
1006 4048 1139 4121 Venerem
