2686 4808
138 324 183 393 32
465 324 884 412 iuotnconeut

366 479 604 547 canutus
632 480 969 548 resecantur.

177 626 228 691 Ad
245 626 398 714 quintum
423 646 525 713 genus
547 624 712 712 pertinent
727 646 763 687 ea
787 624 946 706 carmina,
962 648 1034 713 quae
1057 627 1091 689 iu
1113 628 1210 693 MSS.

133 727 341 818 epithalamio
348 725 487 823 Honorii
494 740 527 789 et
536 725 646 789 Marioe
661 726 713 789 vel
723 726 985 815 praemittuntur,
1000 728 1051 791 vel
1068 747 1211 818 postpo-

133 825 572 914 nuntur.lnscriptaquidem
580 827 1210 915 vulgosuntFescenm‘nn,quumautem

134 931 166 994 in
176 928 343 994 MSShaec
350 927 519 1014 inscriptio
526 927 731 1002 variet‚num
740 927 926 1016 engenuina
933 928 1212 1015 sit,potestduhi·

134 1031 206 1095 tari.
219 1030 370 1094 Carmine
376 1044 454 1092 sunt
466 1043 624 1115 quatuor,
638 1050 717 1108 nec,
730 1043 767 1091 ut
778 1028 828 1090 vel
842 1050 882 1091 ex
892 1043 1085 1116 argumento
1099 1044 1210 1116 putet,

135 1133 220 1194 inter
234 1152 267 1192 sc
278 1127 482 1209 cohaerentia,
490 1144 527 1191 ut
539 1126 671 1215 quidam
685 1144 792 1191 tumen
808 1144 1002 1210 statuerunt,
1014 1129 1047 1192 in
1061 1151 1210 1218 quorum

134 1233 241 1321 primo
249 1229 402 1319 principis
409 1228 620 1317 pulchritudo
634 1228 832 1304 celebratur,
843 1251 915 1315 quae
924 1244 1012 1292 tanta
1019 1229 1077 1311 sit,
1086 1246 1124 1293 ut
1132 1252 1209 1295 om·

135 1331 273 1396 nesdens
289 1352 399 1393 amore
410 1328 574 1411 accendat,
583 1344 616 1393 et
629 1329 681 1391 vel
687 1330 821 1417 Scythas
830 1344 863 1393 et
870 1330 1069 1418 Hippolyten
1080 1329 1207 1397 domet.

134 1437 170 1498 ln
184 1448 255 1497 toto
270 1432 335 1495 hoc
349 1429 491 1493 carmine
504 1452 545 1493 ne
559 1429 718 1493 levissima
735 1428 868 1517 quidem
881 1427 1072 1517 significatio
1086 1451 1208 1495 occur·

132 1534 191 1616 rit,
210 1531 290 1596 illud
305 1532 338 1594 in
360 1530 497 1594 Honorii
519 1528 649 1594 laudem
670 1551 739 1593 esse
758 1530 933 1617 scriptu1u;
953 1530 1011 1594 sed
1032 1547 1143 1618 potest
1165 1531 1208 1595 ad

134 1652 376 1720 quemcumque
388 1631 561 1718 pulchrum
569 1630 753 1718 Principem
763 1631 857 1696 trahi.
866 1632 1029 1695 Caeterum
1039 1654 1107 1695 nou
1118 1635 1211 1698 inve·

135 1748 269 1797 nustum
292 1746 354 1812 est,
379 1746 410 1794 et
429 1731 515 1794 inter
535 1731 658 1819 optima
684 1730 851 1795 Claudiani
876 1748 984 1819 potest
1006 1733 1142 1798 censeri.
1167 1736 1206 1799 lu

135 1833 281 1899 secundo
305 1849 393 1896 totus
417 1849 575 1896 terrarum
602 1833 690 1897 orbis
716 1831 757 1896 ad
779 1832 1048 1897 concelebrandae
1074 1833 1209 1923 nuptias

134 1937 298 2000 invitatur.
324 1934 428 1997 Priori
444 1935 554 1997 forsan
570 1950 618 1997 est
636 1933 914 2022 postponendum.
931 1935 1096 2014 Tertium,
1113 1936 1208 2023 quod

134 2039 291 2125 scriptum
307 2034 409 2099 estad
424 2036 653 2115 Stilichonem,
667 2034 817 2124 frigidam
830 2035 977 2098 continet
992 2037 1208 2120 sententiam,

135 2163 197 2204 nec
206 2139 326 2202 virtute
334 2137 460 2226 poetica
475 2153 582 2224 potest
596 2135 829 2200 commendari.
844 2135 1020 2198 Venustius
1038 2151 1086 2199 est
1106 2159 1209 2224 ,quar-

135 2258 224 2317 tum,
239 2262 299 2303 nec
319 2240 426 2302 solum
440 2239 608 2326 ingenium
624 2238 759 2318 Catulli,
776 2235 944 2301 sedetiam
961 2237 1122 2300 lasciviam
1136 2237 1208 2319 ejus

134 2342 251 2429 spirat,
267 2360 447 2423 verumque
465 2336 660 2423 epithalamii
681 2338 813 2401 titulum
830 2336 890 2400 sibi
910 2352 1017 2425 potest
1028 2330 1206 2405 uindicare.

138 2521 315 2575 dormientem
326 2511 375 2585 (cl.
384 2518 524 2573 Claudian.
536 2520 642 2585 XXXI,
658 2539 668 2573 1
682 2539 738 2593 sqq.
751 2520 842 2574 Nescis
852 2534 942 2574 utrum
954 2522 981 2574 in
992 2520 1113 2575 Tritonis
1124 2519 1207 2576 dorso

137 2603 215 2655 auin
232 2601 294 2653 litus
310 2618 411 2670 egressa
424 2596 556 2661 dormiat)
575 2618 643 2652 unus
659 2602 800 2665 Amorum,
816 2620 831 2652 c
847 2601 932 2654 Gallia
951 2600 1109 2664 adveniens,
1123 2603 1207 2655 susci·

137 2694 184 2735 tut.
197 2682 284 2733 Locus
295 2681 338 2731 hic
353 2699 408 2731 non
423 2677 490 2732 adeo
503 2680 623 2732 inlicetus
639 2693 685 2732 est.
702 2678 753 2733 Sed
767 2681 914 2732 orationem
930 2685 996 2751 ejus,
1008 2700 1033 2733 v.
1049 2684 1154 2751 617²,
1169 2682 1206 2736 ci.

138 2780 200 2815 curn
216 2759 355 2813 Claudian.
371 2761 414 2821 Χ,
435 2763 510 2813 116·
523 2777 594 2823 raa,
608 2772 634 2811 et
650 2779 708 2829 ques
723 2761 816 2812 Venus
830 2758 971 2831 respondet
984 2780 1012 2812 v.
1028 2760 1207 2829 7²·93011¹¹²

139 2839 278 2895 claudian.
291 2840 310 2891 l,
325 2860 348 2893 c.
367 2840 513 2908 rol-275.
530 2838 655 2909 Sequitur
670 2837 813 2910 descriptio
828 2858 934 2905 currus,
947 2858 1026 2910 quem
1042 2839 1135 2892 Venus
1142 2841 1207 2909 jun·

138 2922 188 2974 ctis
200 2922 319 2973 oloribus
337 2918 490 2973 conscendit
501 2938 526 2970 ν.
544 2921 579 2985 93
589 2948 600 2960 ·
612 2937 623 2970 r
633 2938 678 2983 to,
699 2919 838 2971 comitatus
857 2938 884 2970 v.
906 2919 1053 2972 113·123.
1071 2918 1208 2990 Compara

138 3020 220 3072 porro
234 3019 259 3053 v.
277 3001 373 3064 tal-5
393 3018 454 3051 curn
469 2996 607 3052 Claudiau.
624 2999 732 3064 XXXI,
750 2998 886 3051 116-123.
909 2998 963 3050 Ubi
983 2998 1074 3050 Venus
1089 3016 1136 3062 eo,
1151 3016 1208 3069 qno

139 3080 329 3144 destinaverat,
342 3079 478 3151 pervenit,
494 3077 598 3131 dextras
614 3078 702 3148 jungit
720 3077 808 3148 sponsi
829 3096 982 3148 sponteque
1001 3076 1085 3130 fausta
1104 3078 1208 3148 quavis

140 3159 284 3232 adprecans
299 3178 324 3211 v.
346 3177 399 3227 129
409 3190 420 3201 -
432 3158 503 3222 133;
518 3159 551 3210 cl.
567 3156 704 3210 Claudian.
721 3157 828 3220 XXXI,
840 3163 914 3220 ¹²4·
926 3158 988 3211 138.
996 3156 1078 3209 Alteri
1092 3157 1207 3210 cumini

139 3241 267 3293 sententia
288 3239 377 3291 subest
395 3257 449 3289 non
472 3236 583 3290 absurda
605 3237 649 3289 illa
669 3235 791 3307 quidem,
809 3232 964 3301 indenata,
982 3234 1054 3306 qnod
1070 3236 1208 3291 Polemios

139 3319 315 3392 philosophie
330 3330 387 3371 erat
401 3315 521 3379 deditus,
542 3317 703 3387 tumulusque
722 3330 777 3368 erut
793 3316 950 3379 stoicorum,
967 3314 1097 3367 Araneola
1114 3327 1207 3369 autem

140 3418 224 3470 quum
239 3398 360 3462 nornine,
375 3411 431 3449 tum
447 3395 554 3449 tenendi
570 3409 625 3448 orte
640 3396 803 3447 notissimam
819 3407 903 3465 poetae
916 3395 1031 3447 subulam
1044 3395 1073 3446 in
1084 3408 1206 3449 mentem

61 3480 65 3487 ’
139 3489 294 3540 vocaveram
311 3477 432 3529 tractatio
453 3489 491 3528 est
512 3473 690 3546 frigidissima.
711 3475 854 3540 Araneola,
873 3494 932 3545 quor
945 3475 1094 3527 Minervam
1115 3486 1207 3541 texto,

140 3576 195 3629 qno
207 3556 397 3627 philosophum
411 3556 532 3608 tetricum
550 3556 681 3621 irriserat,
693 3554 790 3618 illusit,
804 3555 888 3605 stoico
908 3555 935 3605 in
957 3571 1060 3626 poenam
1070 3554 1207 3624 jungitur.

35 3676 42 3693 t
140 3636 290 3706 Descriptio
303 3636 444 3699 Minervae,
457 3638 512 3705 ejus
525 3634 656 3699 thoracis,
670 3633 747 3705 clipei
762 3633 909 3703 reliquique
920 3634 1026 3686 habitus
1040 3651 1091 3685 av.
1111 3650 1147 3685 1·
1156 3633 1208 3688 33.

140 3714 245 3769 Deinde
258 3734 273 3768 a
287 3734 313 3767 v.
330 3716 439 3785 37425
454 3715 541 3767 omnis
556 3714 732 3785 philosophias
745 3712 864 3775 lristoria,
877 3710 1082 3783 dogmatumque
1090 3712 1209 3767 varietus

140 3795 314 3868 percurritur.
333 3795 375 3848 Cf·
394 3792 532 3849 Claudian.
546 3794 641 3857 XVII,
657 3813 692 3863 77
712 3811 768 3863 sqq.
786 3792 911 3863 Sequitur
925 3794 1038 3845 restium
1052 3810 1067 3842 u
1079 3790 1209 3846 Minerva

139 3888 269 3928 tertarum
283 3873 424 3945 descriptio
437 3894 462 3927 v.
481 3877 553 3926 1²6·
562 3874 633 3938 1453
647 3886 711 3925 tunc
725 3890 815 3925 eurum
829 3873 929 3924 mentio
944 3872 988 3937 lit,
1003 3888 1062 3942 quo
1072 3872 1210 3925 Araneola

140 3954 203 4007 lecit
215 3973 240 4005 v.
260 3952 409 4022 150·r78;
425 3957 545 4023 ejusque,
561 3971 613 4023 qua
626 3954 746 4005 Minerva
758 3951 834 4005 illum
848 3964 887 4004 est
901 3971 927 4005 v.
946 3952 1088 4014 181-184.
1102 3950 1209 4004 Versus

139 4033 229 4107 muci,
244 4034 290 4105 qni
305 4045 466 4105 sequuntur,
480 4033 581 4103 reliqua
596 4031 741 4087 continent.
