2686 4808
204 335 226 416 4
530 326 940 392 rnoraoounur

202 453 334 514 nomine
346 465 377 512 ct
389 447 519 512 illustris
530 462 563 509 et
572 444 680 508 divitis
695 445 810 533 gratias
819 446 895 534 agit.
910 446 982 516 lllas
995 449 1124 535 nuptias
1138 451 1279 516 Alexan-

201 551 277 614 ‹lriar
286 573 353 614 esse
360 548 534 611 celebratas
545 561 633 633 patet
645 568 684 609 ex
693 569 724 610 v.
735 544 787 628 55,
797 568 863 633 quo
874 564 1021 635 tempore
1027 549 1093 628 jam
1104 553 1277 618 Honorius

201 654 350 731 Mariam,
359 647 547 713 Stilichonis
557 646 724 710 etSerenae
735 646 848 728 liliam,
860 650 893 710 in
905 651 1149 715 matrimonium
1168 653 1278 720 duxe-

200 769 265 827 rat,
280 769 394 838 atque,
407 764 446 811 ut
461 745 614 835 equidem
631 746 784 828 conjicio,
801 765 876 836 post
889 750 1012 814 bellum
1026 769 1140 817 contra
1155 754 1277 821 Gildo-

199 840 275 917 nem
298 851 381 915 circa
399 847 497 911 finem
519 848 596 911 anni
617 848 653 912 C.
674 845 747 935 398.
769 847 892 913 Mirum
915 873 992 916 sane
1009 853 1111 917 videri
1136 859 1274 944 nequit,

198 953 366 1031 homines,
391 965 480 1012 tanta
497 949 640 1036 potentia
662 949 813 1030 indutos,
832 967 934 1039 poetae
961 956 1063 1018 nostri
1087 958 1275 1024 rationibus

199 1071 368 1141 tantopere
380 1049 594 1114 consuluisse.
603 1049 695 1132 Quid
706 1051 794 1113 enirn
806 1067 945 1140 tyranno
959 1077 997 1117 ex
1011 1054 1154 1120 barbaris
1166 1075 1275 1145 orto¹,

197 1175 373 1241 rerumque
381 1172 543 1215 summam
556 1151 727 1230 coutrajus
737 1150 849 1238 fasque
860 1153 1118 1238 sibivindicanti,
1127 1160 1274 1245 optatius

197 1257 386 1344 contingere
399 1252 525 1340 potuit,
542 1272 641 1338 quam
654 1269 749 1339 poeta
768 1253 884 1339 aliquis
895 1253 1049 1344 insignis,
1063 1256 1120 1342 qui
1134 1278 1186 1322 res
1200 1260 1274 1339 ejus

197 1358 247 1421 vel
258 1357 433 1422 levissimas
442 1353 714 1417 tantaverborum
727 1352 965 1442 magnificentia
973 1372 1082 1443 posset
1090 1358 1273 1439 celebrare,

196 1460 433 1545 omnibusque,
452 1441 523 1543 quae
540 1454 649 1518 minus
665 1456 845 1542 placerent,
862 1455 1101 1544 hominumque
1116 1461 1273 1527 volunta·

197 1577 262 1624 tem
279 1559 501 1636 offenderent,
520 1556 713 1635 honestatis,
729 1556 862 1635 justitiae
888 1574 921 1620 et
943 1559 1103 1645 aequitatis
1125 1563 1273 1648 speciem

196 1662 364 1725 rhetoricis
383 1658 507 1723 artibus
520 1657 678 1722 induere?
696 1657 786 1720 Nihil
800 1659 886 1721 enim
905 1675 970 1740 est,
987 1661 1272 1746 quemadmodum

197 1779 306 1826 nostra
325 1782 458 1849 quoque
479 1758 634 1822 memoria
654 1782 716 1821 usu
734 1759 945 1846 venit‚quod
968 1762 1167 1827 multitudini
1190 1789 1273 1854 per-

197 1863 325 1928 suaderi
336 1877 490 1949 nequeat,
500 1884 569 1923 non
582 1876 646 1923 tam
658 1883 710 1923 res
720 1882 818 1947 quam
829 1862 926 1925 verba
937 1862 1144 1949 ponderanti,
1158 1888 1273 1955 neque

196 1964 375 2053 quidquam
392 1980 441 2027 est
455 1979 520 2026 tam
532 1959 675 2036 lindum,
695 1961 785 2047 quod
802 1984 869 2024 non
888 1963 997 2027 colore
1012 1964 1132 2028 callidae
1148 1968 1272 2033 oratio-

195 2068 244 2131 nis
258 2066 439 2131 obductum
450 2063 554 2152 possit
564 2062 731 2128 nitescere.
741 2062 863 2126 Natura
878 2064 972 2126 ctiam
985 2065 1029 2127 ita
1040 2084 1271 2154 comparatum
1324 2126 1335 2139 .

195 2186 260 2250 est,
274 2184 312 2232 ut
323 2167 430 2232 deleto
447 2166 555 2230 omnis
573 2163 729 2227 libertatis
751 2185 867 2245 sensu,
881 2165 1038 2252 omnique
1050 2168 1270 2254 generosioris

193 2270 292 2335 animi
311 2269 453 2355 impetu,
471 2267 505 2329 irr
521 2265 659 2352 publicis
679 2265 770 2327 malis
787 2265 952 2348 homines,
967 2287 1039 2353 quae
1056 2270 1270 2356 propulsare,

196 2393 300 2458 quum
325 2369 409 2431 vires
434 2364 602 2443 deficiant,
627 2387 692 2427 non
717 2366 859 2452 possint,
882 2365 1021 2430 libenter
1042 2369 1269 2457 acquiescant,

194 2470 353 2555 facileque
371 2466 549 2554 patiantur,
569 2480 608 2527 ut
630 2464 692 2527 illis
710 2464 868 2529 felicitatis
893 2467 1014 2553 species
1033 2469 1204 2553 induatur,
1224 2497 1270 2539 ne

194 2567 328 2658 quando
348 2565 485 2630 levitatis
503 2564 741 2647 abjectissimae,
760 2588 824 2652 qua
840 2567 1066 2647 hujuscemodi
1082 2571 1216 2638 ferenda
1233 2593 1268 2640 et

194 2667 361 2734 toleranda
385 2666 586 2741 existiment,
610 2667 806 2729 conscientia
833 2668 1034 2751 crucientur,
1059 2671 1269 2762 aliorumque

193 2769 397 2858 contemptui
414 2782 629 2855 exponantur.
645 2766 734 2829 lllam
753 2766 852 2854 igitur
866 2767 1051 2832 Stilichonis
1065 2771 1267 2840 benevolen-

193 2874 272 2936 tiam
283 2868 479 2934 Claudianus
494 2865 691 2930 carminibus
706 2867 767 2930 sibi
781 2868 979 2951 conciliavit,
992 2871 1026 2932 in
1042 2872 1161 2958 quibus
1178 2897 1266 2962 prae.

194 2994 312 3036 eonem
329 2970 396 3057 agit
420 2966 541 3055 ingenii
562 2967 647 3031 illius
667 2967 823 3030 virtutum
842 2986 874 3033 et
892 2975 1001 3033 rerum
1019 2989 1200 3060 gestarum,
1219 2978 1265 3043 ita

195 3090 233 3138 ut
256 3069 432 3135 adulationi
456 3068 585 3157 penitus
612 3068 777 3150 inserviat,
804 3072 995 3159 veritatique
1014 3074 1121 3138 forsan
1143 3100 1263 3164 parurn

194 3175 326 3239 tribuat.
340 3173 422 3255 Quae
438 3169 570 3257 quidem
583 3192 650 3232 non
665 3169 700 3232 in
714 3192 784 3234 eanr
800 3172 991 3236 sententiam
1005 3173 1166 3262 disputata
1176 3181 1264 3244 acci·

194 3278 278 3365 pias,
288 3273 380 3362 quasi
392 3271 516 3352 omnia,
530 3294 602 3358 quaa
613 3270 763 3335 laudibus
777 3274 888 3353 effert,
899 3274 1031 3363 ingenio
1043 3274 1111 3354 ejus
1122 3277 1265 3345 debean·

194 3393 260 3456 tur,
278 3395 384 3460 neque
406 3370 584 3459 quidquam
601 3372 634 3434 in
653 3372 721 3451 ejus
737 3373 933 3438 carminibus
952 3376 1111 3459 invenias,
1126 3402 1192 3465 quo
1212 3385 1262 3447 uti

194 3477 297 3565 possis
314 3473 354 3538 ad
368 3473 536 3537 historiam
548 3473 677 3537 illorum
693 3489 877 3562 temporum
894 3478 1075 3541 accuratius
1092 3482 1261 3568 expolien-

193 3576 297 3641 dam².
313 3574 447 3638 Etiamsi
461 3573 594 3637 enimin
610 3574 748 3637 Honorii
762 3591 794 3638 et
806 3575 990 3641 Stilichonis
1003 3581 1136 3666 gratiam
1149 3588 1262 3652 omnia

237 3774 262 3807 r.
283 3754 349 3805 Erat
365 3769 461 3820 nempe
479 3750 586 3803 natione
601 3748 744 3804 Vandalus.
761 3751 880 3805 Vocatur
894 3751 967 3824 apud
982 3754 1108 3810 Orosium
1123 3760 1190 3826 vn,
1203 3761 1259 3818 38:

194 3833 360 3886 Vandalorum
379 3831 494 3890 imbellis,
521 3850 616 3890 avarae,
637 3829 737 3900 perfidae
753 3843 776 3881 et
796 3833 886 3886 dolosa
904 3838 983 3901 gentis
1001 3856 1087 3906 genere
1106 3839 1192 3894 celius.
1212 3844 1259 3897 Cf.

193 3912 332 3967 Claudian.
347 3912 422 3975 xxl,
439 3910 474 3963 35
490 3927 545 3979 sqq.

234 4013 259 4046 a.
276 3990 399 4044 Carrariua
420 3990 501 4053 11111,
521 3988 600 4041 XXII
615 4027 622 4051 ‚
636 3989 743 4054 1111111,
764 3991 855 4043 xxlv
876 3993 903 4044 in
924 3996 1088 4049 consulatum
1103 3998 1258 4055 Stilichonis
