2686 4808
218 329 266 416 34
540 327 955 397 PROLEGOMENA

217 470 282 518 tate
293 451 419 540 egregie
425 448 539 528 juncta
556 464 605 512 cst
619 448 651 513 in
665 449 807 513 carmine
819 450 878 532 IX,
895 466 938 531 et,
955 451 982 512 si
999 449 1080 536 quid
1089 450 1215 531 judico,
1227 453 1290 543 ipsi

217 552 435 643 epithalamio,
442 552 495 614 cui
502 549 670 638 praelixum
678 566 737 631 est,
745 549 826 614 illud
835 549 1290 638 estanteponendum.Minus

215 658 319 747 placet
330 676 459 718 carmen
471 653 549 715 XVl
559 700 568 732 ,
579 669 714 739 propter
724 652 970 717 similitudinem
984 655 1081 718 nimis
1092 656 1189 746 longe
1199 680 1291 744 quae·

217 761 330 838 sitam,
349 778 456 843 neque
473 754 548 818 satis
565 754 824 818 convenientem.
843 756 991 819 Praefatio
1008 756 1159 820 carminis
1177 758 1290 823 XVIII

218 885 284 926 non
303 859 443 947 amplius
460 871 579 935 exstat,
596 877 660 942 qua
676 871 802 936 tamen,
817 873 855 919 ut
871 878 908 919 er
926 855 1093 920 Claudiani
1108 875 1291 925 consuetu·

216 961 294 1026 dine
304 960 453 1048 colligere
466 979 656 1045 possumus,
668 955 862 1020 destitutum
880 979 947 1020 non
964 957 1036 1021 fnit.
1051 959 1156 1023 Etiam
1170 982 1292 1025 secun·

218 1064 300 1128 dum
322 1064 356 1125 in
374 1058 570 1146 Eutropium
589 1057 817 1145 praelusionem
834 1057 932 1121 lrabet
946 1059 1018 1145 ipso
1033 1060 1176 1125 carmine
1191 1062 1292 1152 longe

219 1165 397 1229 meliorem.
416 1162 555 1224 Carmen
566 1159 681 1222 XXIII
698 1181 765 1223 non
780 1158 877 1222 tertio
901 1158 985 1222 libro
1002 1160 1035 1221 in
1058 1160 1291 1239 Stilichonem,

218 1266 275 1335 sed
298 1267 421 1355 prim0‚
438 1258 670 1351 praefigendum
693 1258 838 1338 videtur,
853 1276 886 1322 et
902 1258 943 1323 ad
968 1282 1081 1324 omnes
1100 1276 1165 1326 tres
1187 1264 1289 1349 perti-

218 1370 347 1449 nuisse,
367 1388 428 1430 nec
443 1387 483 1427 ex
497 1362 613 1440 XXII,
629 1361 692 1424 286
713 1383 801 1447 seqq.
827 1361 930 1447 possis
955 1361 1122 1450 colligere,
1136 1362 1290 1428 Stilicho·

218 1495 293 1536 nem
314 1467 462 1532 nondum
484 1465 596 1526 Romae
620 1462 737 1543 l'uisse,
763 1484 867 1549 quum
893 1462 945 1525 illa
966 1463 1196 1528 scriberentur.
1213 1465 1291 1530 Non

219 1571 352 1662 quidem
361 1571 571 1632 invenustum
583 1580 632 1628 est
640 1586 770 1627 carnren
781 1565 886 1644 XXV,
898 1562 955 1627 sed
965 1565 1135 1629 venustius
1147 1565 1291 1649 XXVII,

219 1676 246 1742 si
258 1672 338 1739 illud
349 1672 473 1759 ipsum,
486 1689 553 1730 non
568 1688 643 1729 eum
661 1665 774 1745 simul,
787 1664 821 1728 in
837 1687 935 1751 quem
946 1665 1103 1752 scriptum
1114 1681 1180 1747 est,
1190 1668 1293 1732 oonsi-

219 1778 323 1843 deres.
341 1769 625 1860 Elegantissimum
639 1789 716 1830 sane
733 1766 862 1834 XXXII
880 1765 1085 1842 habendum,
1100 1765 1191 1854 quod
1203 1767 1293 1855 prin·

218 1878 315 1966 cipio,
332 1875 530 1936 incrementa
545 1885 577 1932 et
592 1868 824 1956 perfectionem
842 1866 1053 1956 navigationis
1068 1868 1180 1957 paucis
1192 1869 1293 1934 versi·

218 1980 281 2045 bus
290 1968 596 2064 complectitur;sed
604 1969 645 2033 ad
652 1969 789 2045 librum,
799 1968 832 2031 in
845 1969 937 2049 cujus
947 1969 1054 2033 fronte
1065 1992 1155 2034 nunc
1162 1971 1292 2063 legitur,

217 2080 271 2145 vix
289 2076 446 2166 pertinet,
464 2094 571 2159 neque
588 2071 689 2160 magis
700 2070 853 2134 XXXIV.
874 2071 964 2134 Nihil
981 2072 1070 2135 enim
1088 2073 1123 2136 in
1146 2072 1209 2139 illis
1227 2091 1292 2156 est,

219 2181 309 2271 quod
325 2177 366 2243 ad
383 2200 437 2256 ea,
452 2174 573 2265 quibus
589 2173 850 2261 praemittuntur,
867 2173 969 2260 possit
982 2174 1076 2238 trahi.
1095 2173 1168 2239 Hoc
1183 2191 1292 2241 autern

219 2305 332 2349 omnes
355 2281 422 2344 fere
445 2275 568 2339 habent
588 2273 856 2360 praefatiunculae,
875 2290 912 2337 ut
930 2273 968 2337 iis
991 2274 1115 2363 aliquid
1134 2275 1237 2359 insit,
1253 2299 1292 2341 ex

220 2386 340 2474 quilius
355 2398 429 2444 tuto
441 2376 589 2464 colligas,
601 2396 759 2460 quorsum
770 2375 963 2461 pertineant.
976 2376 1136 2441 Caeterunt
1146 2375 1217 2441 lraec
1226 2375 1293 2441 duo

221 2487 363 2559 carmina
389 2480 433 2545 illi
459 2477 568 2564 epico,
588 2475 712 2537 etiarnsi
736 2474 899 2563 integrum
926 2475 967 2539 ad
992 2499 1052 2540 nos
1072 2477 1292 2565 pervenisset,

154 2588 157 2597 ’
220 2590 341 2654 virtute
353 2581 480 2671 poetica
491 2577 629 2666 palmam
643 2575 850 2663 praeripiunt,
864 2576 925 2640 nisi
936 2575 1127 2666 dignitatem
1141 2578 1294 2643 camninis

223 2683 420 2775 decempeda
435 2678 586 2745 metiaris.

431 2888 501 2956 DE
529 2884 703 2951 RAPTU
732 2883 1088 2952 PROSERPINAE.
1147 2926 1152 2934 -

268 3081 404 3142 Carmen
424 3070 571 3159 epicum,
590 3061 680 3153 qnod
697 3063 796 3152 vulgo
819 3063 865 3126 De
890 3079 987 3151 raptu
1004 3063 1199 3153 Proserpinae
1220 3064 1295 3131 lm.

224 3184 318 3261 bare,
336 3192 374 3239 ut
388 3171 548 3238 existimat
557 3165 725 3247 Heinsius,
737 3164 793 3251 qui
805 3179 912 3251 raptus
923 3163 1118 3252 Proserpinae
1130 3165 1296 3259 corrigen-

226 3284 306 3349 dum
325 3290 453 3348 censet,
474 3268 665 3355 inscriptum
684 3282 748 3345 est,
765 3265 805 3328 ab
825 3265 970 3345 actione,
989 3289 1088 3353 quarn
1105 3266 1211 3331 voluit
1226 3267 1296 3357 pri.

226 3382 358 3447 mariam
382 3390 477 3465 poeta
497 3392 583 3449 esse,
604 3368 737 3431 titulum
755 3366 870 3447 traxit,
889 3390 987 3454 quem
1004 3368 1063 3431 etsi
1082 3390 1180 3432 nemo
1203 3368 1297 3435 facile

226 3479 402 3550 contendet
419 3497 488 3540 esse
508 3470 706 3561 genuinum,
725 3486 832 3532 tamen
853 3467 990 3531 similem
1014 3467 1094 3533 illud
1112 3491 1245 3535 carmen
1262 3470 1296 3535 in

226 3590 335 3651 fronte
351 3577 501 3669 gessisse,
511 3571 631 3636 <locent
645 3570 741 3633 verba
753 3569 876 3633 Sidonii
889 3571 1098 3657 Apollinaris,
1113 3593 1186 3658 quse
1197 3595 1297 3663 supra

226 3682 434 3777 protulimus.
446 3677 586 3740 Omnem
599 3671 851 3761 disputationem
864 3696 903 3736 ex
916 3673 968 3736 illa
981 3674 1160 3761 quaestione
1174 3691 1297 3758 orum,

142 3782 144 3791 ¹
228 3812 309 3854 num
323 3783 432 3848 fabula
444 3779 485 3843 dc
497 3781 612 3842 Cerere
628 3792 661 3838 et
677 3774 867 3861 Proserpina
885 3776 1027 3862 praebere
1043 3776 1188 3864 potuerit
1199 3794 1299 3842 mm.

227 3892 308 3954 riam
330 3881 466 3948 carmini
486 3879 578 3967 cpico
600 3876 676 3940 satis
694 3875 863 3957 idoneam,
880 3899 995 3940 vanarn
1011 3892 1093 3965 puto
1104 3893 1137 3943 et
1150 3878 1297 3961 inanem,

228 4012 351 4081 quum,
377 3982 457 4072 qnid
481 3981 647 4069 ingenium
669 3976 802 4065 aliquod
829 3978 904 4041 felix
925 3994 957 4040 et
980 3996 1133 4044 enatura
1155 3980 1300 4070 benigne
