2686 4808
202 341 250 412 38
533 340 946 408 PROLEGOMENA

200 464 309 541 tiores,
326 462 488 550 variisque
504 459 716 548 opinionibus
733 474 766 524 et
778 460 947 541 institutis,
966 483 1066 549 pravo
1081 482 1173 525 more
1188 479 1296 528 reret

199 568 280 655 ptis,
299 564 446 652 corrupti
470 585 603 641 sumus;
619 562 665 625 sic
693 560 809 625 stolide
833 562 1061 649 antiquitatem
1086 561 1281 629 admirantis

200 681 266 747 est,
281 665 448 743 arbitrari,
464 679 586 726 veteres
605 685 739 726 omnem
764 685 875 727 rerum
902 679 1049 727 naturam
1075 665 1265 730 exhausisse

201 769 359 854 novisque
385 764 579 828 commentis
608 764 736 828 nullum
756 765 865 828 locam
885 765 1062 851 reliquisse.
1090 765 1167 829 Hoec
1186 764 1283 830 suffi-

200 868 287 933 ciant
295 866 336 930 ad
347 866 498 928 carminis
515 865 597 952 epici
613 865 808 952 prooemium
819 881 932 929 contra
947 889 1002 930 cos
1013 865 1281 950 defendendum,

202 970 278 1058 qui,
296 982 334 1031 ut
359 965 468 1055 frigidi
493 967 712 1055 grammatici,
738 990 805 1030 non
832 968 1011 1032 rationibus
1037 981 1203 1058 pugnant,
1221 969 1282 1035 sed

201 1071 369 1159 praeceptis
401 1084 527 1133 tantum
552 1070 724 1151 nituntur,
750 1093 823 1157 quae
851 1069 939 1158 apud
962 1087 1087 1135 veteres
1117 1071 1282 1161 legerunt.

205 1174 319 1255 Quum
343 1188 451 1235 autem
474 1194 533 1258 per
547 1193 582 1235 se
596 1171 805 1262 intelligatur,
824 1173 1021 1260 principium
1038 1175 1209 1255 carminis,
1226 1175 1283 1238 illa

203 1275 329 1337 ratione
352 1273 586 1353 coustitutum,
611 1295 800 1360 quanquam
828 1288 943 1337 natura
973 1295 1032 1337 sua
1055 1274 1194 1362 lyricum
1217 1275 1282 1347 sit,

207 1376 412 1464 lyricumque
428 1374 558 1439 dicendi
575 1397 678 1463 genus
694 1374 856 1462 postulet,
873 1397 940 1437 non
961 1375 1005 1438 ita
1021 1392 1128 1438 tamen
1145 1398 1284 1464 compa·

206 1493 310 1541 ratum
330 1500 398 1540 esse
412 1475 548 1556 debere,
567 1493 634 1539 uta
657 1475 784 1562 rcliquo
801 1498 957 1563 corpore,
977 1492 1131 1564 tanquam
1150 1499 1285 1564 panum

206 1579 321 1643 inscite
343 1578 495 1659 adsutus,
512 1576 685 1658 dissideat,
702 1575 758 1640 scd
781 1576 951 1640 transitum
968 1577 1100 1641 mollem
1118 1591 1219 1665 atque
1235 1578 1286 1642 fa·

205 1681 299 1745 cilem
311 1679 448 1762 habere,
458 1694 496 1742 ut
506 1678 597 1765 quasi
609 1678 790 1767 genuinum
801 1678 902 1741 totius
915 1679 1102 1743 membrum
1111 1677 1285 1761 rideatur3

208 1779 405 1844 Claudianus
431 1781 464 1843 in
484 1781 548 1843 hoc
567 1780 676 1843 minus
697 1777 851 1842 ferendus
869 1794 933 1863 est,
953 1780 1029 1868 qui,
1048 1795 1086 1843 ut
1108 1780 1189 1861 alia,
1207 1804 1286 1869 quaa

207 1882 248 1946 ad
262 1882 411 1947 dictionis
428 1875 530 1971 genus
545 1882 726 1969 pertinent,
739 1881 904 1963 omittam,
921 1905 988 1946 non
1000 1882 1184 1970 probanda,
1197 1883 1286 1948 clivo

208 1984 299 2048 molli
319 2006 377 2047 seu
400 2006 458 2072 per
474 1982 591 2071 gradus
612 2005 678 2045 non
698 1982 881 2064 descendit,
904 1982 962 2046 sed
984 1984 1079 2071 plane
1101 1983 1141 2047 ab
1165 1985 1233 2048 alto
1248 1986 1287 2048 in

208 2086 332 2168 lutum,
349 2102 387 2148 ut
401 2086 509 2167 aiunt,
530 2078 564 2148 se
580 2085 766 2172 praecipitat.
783 2085 865 2166 Quis
885 2084 972 2147 enim
987 2107 1026 2148 ex
1042 2085 1106 2148 hoc
1119 2086 1287 2174 principio

208 2186 398 2267 hujusmodi
423 2188 615 2251 narrationis
638 2186 766 2250 initium
785 2185 829 2273 (v.
850 2185 917 2272 32),
935 2209 1001 2273 quo
1023 2208 1104 2251 anus
1124 2187 1287 2275 auspicari

209 2289 316 2354 solent
333 2291 452 2352 naenias
469 2312 560 2368 suas,
579 2311 673 2375 aequo
693 2288 803 2350 animo
822 2303 931 2375 potest
947 2287 1053 2352 ferre?
1071 2287 1135 2352 Sed
1151 2289 1228 2353 satis
1244 2288 1288 2353 de

209 2392 388 2478 prooemio;
401 2390 567 2454 videamus
581 2391 680 2453 totius
699 2389 850 2453 carminis
864 2388 1123 2476 dispositionem.

255 2491 428 2555 lnducitur
443 2493 549 2555 statim
564 2491 661 2555 Pluto
675 2491 721 2553 ira
738 2505 940 2569 commotus,
958 2489 1048 2576 quod
1064 2490 1153 2554 solus
1170 2512 1211 2554 ex
1223 2489 1288 2555 diis

212 2593 379 2657 connubio
394 2609 503 2683 egeat,
515 2593 650 2681 ejusque
663 2593 756 2671 jussu
769 2607 914 2655 monstra
926 2592 1052 2654 inferna
1064 2606 1178 2654 contra
1191 2613 1290 2680 supe·

211 2717 265 2758 ros
285 2695 407 2758 bellum
426 2710 539 2782 parant
557 2695 600 2782 (v.
617 2693 781 2779 32-41).
792 2694 904 2775 Quum
922 2691 988 2770 jam
1006 2693 1156 2756 omnium
1174 2715 1289 2758 rerum

213 2796 362 2859 conbrsio
385 2819 423 2859 ex
444 2796 504 2859 hac
526 2796 737 2860 contentione
754 2794 963 2876 immineret,
978 2794 1103 2873 Parcae,
1120 2793 1161 2857 ad
1184 2794 1290 2882 pedes

212 2898 299 2961 illius
322 2897 472 2980 abjectae,
493 2912 610 2985 rogant
630 2912 663 2959 et
683 2897 903 2977 obtestantur,
925 2911 995 2957 uta
1011 2896 1090 2959 Jove
1111 2894 1289 2984 conjugem

213 3015 319 3086 petat,
334 3022 409 3063 nam
422 2999 584 3087 repulsam
599 3021 675 3062 eum
687 2999 828 3061 laturum
844 3019 913 3060 csse
928 3011 1048 3085 negant
1059 2997 1102 3082 (v.
1116 3000 1155 3074 41
1167 2997 1289 3084 -67).

214 3099 419 3165 Verecundia
436 3101 639 3188 precantium
655 3116 775 3181 urotus,
789 3098 977 3186 perbonam
993 3097 1126 3187 gratiam
1137 3097 1290 3164 obtinere

215 3202 341 3281 statuit,
361 3201 450 3290 quod
466 3202 498 3263 vi
517 3201 578 3265 sibi
602 3201 774 3265 conciliare
792 3215 958 3287 paraverat
976 3199 1018 3286 (r.
1035 3198 1204 3286 67-75).
1217 3202 1291 3266 Jam

216 3302 389 3388 quaeritur,
405 3326 463 3366 cur
477 3303 523 3365 ira
536 3302 684 3366 Plutonis
701 3318 765 3365 tam
783 3317 915 3388 repente
930 3316 964 3364 et
985 3315 1155 3391 tantopere
1170 3323 1290 3366 excan-

216 3401 345 3465 duerit?
361 3404 449 3467 Num
467 3403 532 3481 jam
552 3402 703 3490 precibus
719 3419 808 3483 ante,
823 3418 856 3467 et
874 3402 1005 3490 saepius,
1023 3424 1091 3466 rem
1109 3418 1292 3469 tentaverat

216 3504 399 3569 incassum?
412 3506 472 3586 Et,
492 3505 518 3569 si
539 3519 731 3584 tentaverat,
746 3502 837 3590 quod
851 3519 960 3566 tamen
986 3525 1148 3590 nusquam
1164 3503 1291 3594 signifi·
1316 3516 1320 3521 ’

217 3620 323 3686 catur,
335 3628 475 3693 quanam
488 3629 522 3668 re
534 3622 643 3669 motus
653 3606 792 3693 Jupiter,
805 3604 966 3691 siquidem
978 3605 1116 3668 omnino
1125 3603 1160 3668 id
1170 3628 1292 3695 negare

216 3708 377 3795 potuerit,
393 3707 541 3798 negavit?
557 3706 700 3789 Deinde,
715 3707 741 3769 si
751 3707 924 3770 Parcarum
937 3706 1070 3770 arbitrio
1084 3704 1196 3769 omnia
1209 3707 1291 3771 sub·

215 3807 298 3888 jecta
327 3825 404 3872 suut
433 3809 475 3896 (v.
504 3807 679 3894 51-53),
702 3831 761 3871 cur
782 3807 823 3871 ad
847 3806 944 3895 pedes
967 3807 1115 3872 Plutonis
1137 3807 1294 3872 accidunt
1309 3807 1316 3819 ’

218 3911 403 3999 supplices?
419 3911 526 3974 Possis
545 3911 670 3992 dicere,
691 3933 758 3973 non
773 3912 919 3974 Deorum
938 3932 1007 3990 res,
1024 3907 1081 3972 sed
1097 3908 1293 3990 bominum,

218 4014 433 4099 omniumque
444 4022 572 4093 rerum,
587 4036 659 4101 quae
673 4013 705 4075 in
722 4013 814 4076 terris
829 4028 924 4093 sunt,
937 4010 978 4075 ad
990 4011 1159 4075 arbitrium
1173 4011 1292 4076 Parca·
