2686 4808
385 319 442 387 IN
471 317 983 395 cuo‘LAUDIANUM«
1034 378 1037 386 .
1162 343 1199 389 tt

180 439 250 507 Diu
261 440 329 520 jam
344 436 560 503 arhetoribus
574 453 643 503 erat
658 451 844 526 receptum,
861 452 900 503 ut
913 436 1069 503 vesorum
1083 440 1205 504 oratio·

132 539 508 629 nibus,pmcls1issimis
521 555 644 607 nature
657 553 757 624 atque
766 537 888 626 ingenii
901 535 1045 619 l'oetibus,
1053 540 1206 622 excussis,
1258 571 1261 581 ·

133 643 320 709 noneolum
328 638 780 722 remmiuventionem,sedet
786 640 1057 727 compositionem
1063 662 1208 709 omnem·

132 767 203 832 que
210 745 430 810 elocutionem
439 743 480 809 ad
488 759 592 809 certas
601 740 889 830 praeoepnunculas
899 755 1102 822 revocarent,
1115 741 1207 833 inde·

133 869 204 934 que
216 861 318 913 artem
334 845 587 931 efficerent,qus
603 843 677 930 quis
690 842 870 909 instructus
884 840 1046 907 nationes
1060 863 1129 907 non
1144 841 1207 909 illis

132 945 289 1034 quidem,
302 945 476 1035 exquibus
489 944 608 1033 regule
623 957 715 1008 erant
726 941 891 1023 deductae,
904 962 1014 1029 pares,
1027 940 1084 1007 sed
1094 964 1207 1009 earum

132 1046 365 1112 similitudines
388 1045 549 1112 imitando
571 1065 735 1132 expressas
762 1059 873 1129 posset
896 1042 1071 1109 elaborare.
1089 1043 1129 1109 In
1145 1044 1207 1110 hoe

132 1163 207 1213 arte
221 1147 417 1239 perficimus
432 1164 465 1212 et
482 1143 710 1233 locupletanda
727 1166 795 1231 quo
812 1144 913 1233 msgis
933 1160 1025 1211 erant
1040 1146 1205 1232 occupati,

132 1272 177 1314 eo
198 1250 372 1338 pmclivior
394 1246 528 1336 quidem
551 1247 604 1310 via
621 1245 793 1311 videbatur
808 1246 933 1311 munita
956 1245 998 1311 sd
1013 1246 1206 1332 eloquentiae

132 1349 372 1417 laudemetism
386 1351 442 1432 iis,
453 1349 574 1436 quibus
585 1347 712 1413 aditum
728 1347 770 1412 ad
784 1363 951 1412 oratorum
960 1362 1080 1412 costum
1090 1364 1206 1412 natura

132 1475 230 1541 paene
240 1467 428 1542 negaverat5
441 1449 499 1515 sed
510 1473 551 1514 eo
561 1450 664 1538 magis
675 1450 804 1538 ingenis
816 1449 901 1537 ipsa,
913 1471 985 1537 quae
994 1450 1097 1516 libero
1107 1473 1206 1515 cursu

132 1553 246 1617 forsan
258 1575 386 1619 summa
402 1551 602 1640 attigissent,
616 1551 963 1638 proeceptiuncularum
976 1551 1133 1639 angustiis
1143 1552 1205 1615 cir-

132 1654 347 1741 cumscsipts,
365 1651 446 1719 dum
462 1652 610 1716 locorum
627 1651 721 1741 copia
736 1668 833 1739 atque
849 1651 997 1717 ubertate
1012 1668 1134 1740 parata,
1152 1676 1204 1716 re-

134 1771 229 1820 moto
240 1755 359 1820 mentis
368 1756 403 1819 in
413 1753 612 1821 inveniendo
620 1770 653 1818 et
663 1753 877 1843 excogitando
885 1755 1010 1835 labore,
1022 1772 1204 1835 uterentur,

132 1872 269 1944 torpore
282 1855 427 1944 quodam
443 1856 679 1921 exsrmoehant.
694 1855 786 1920 Idem
801 1857 869 1920 sere
882 1857 917 1921 in
930 1858 1074 1944 poetices
1088 1858 1206 1924 studiis
1229 1884 1233 1893 ’

133 1957 289 2024 accidisse
300 1980 462 2057 perquam
468 1973 517 2022 est
524 1957 708 2047 probabile,
718 1981 820 2044 quum
831 1982 867 2023 ca
876 1974 1001 2046 partem
1012 1960 1205 2047 eloquentiae

135 2061 331 2139 constituat,
355 2075 412 2124 eut
425 2060 538 2123 saltem
557 2059 750 2146 cognatione
771 2060 946 2125 arctissime
966 2083 1037 2124 eam
1058 2062 1202 2148 attingat.

138 2160 221 2242 Qun
236 2175 346 2225 tamen
362 2182 413 2224 res
431 2182 505 2225 suns
525 2159 666 2224 habehat
688 2157 894 2225 difficultites
914 2183 981 2224 non
1000 2161 1091 2225 facile
1106 2185 1205 2249 supe·

137 2262 264 2329 raudus.
284 2262 480 2329 Omtionum
498 2262 586 2325 enim
604 2276 718 2325 natura
736 2261 779 2327 ita
794 2278 977 2350 comparata
994 2278 1060 2341 est,
1078 2277 1117 2326 ut
1131 2285 1204 2350 par·

139 2366 220 2429 tium
232 2363 408 2453 desctiptio
420 2363 453 2428 in
470 2352 625 2429 omnibus
639 2364 707 2427 fere
724 2364 765 2431 sit
779 2363 891 2428 eadem
901 2413 910 2446 ,
921 2381 955 2429 et
969 2381 1008 2428 ut
1021 2362 1204 2446 diversitas,

140 2465 248 2553 siqua
269 2480 332 2547 est,
354 2488 373 2529 a
395 2481 597 2551 temporum,
621 2487 747 2546 rerum,
766 2487 978 2552 personarum
1002 2483 1034 2530 et
1054 2466 1203 2533 locorum

140 2567 262 2631 ratione
275 2565 368 2631 facile
380 2566 484 2653 possit
500 2567 603 2654 repeti
621 2582 652 2630 et
674 2565 715 2630 ad
730 2584 832 2632 certas
849 2568 990 2656 regulas,
1009 2568 1205 2656 easdemque

141 2668 437 2757 paums,1evocsri.
454 2668 645 2732 Carminum
665 2684 774 2731 autem
794 2691 911 2756 genera
927 2691 994 2733 non
1008 2671 1114 2735 solum
1129 2669 1204 2732 infi-

142 2769 222 2850 nita,
240 2768 297 2834 sed
312 2768 533 2833 etiamnatura
549 2791 608 2831 sua
629 2785 695 2832 tam
706 2767 837 2833 'diversa
855 2786 950 2850 sunt,
964 2786 1017 2846 ut,
1034 2771 1061 2835 si
1080 2771 1205 2860 singula

143 2868 285 2956 quodam
309 2870 463 2956 excipias,
486 2869 679 2957 compositio
703 2894 815 2934 esrum
839 2870 880 2935 ad
903 2889 1062 2960 proecepta
1086 2872 1204 2936 deduci

143 2987 287 3058 nequest
304 2973 416 3060 Longe
437 2970 528 3034 alitor
550 2987 657 3034 autem
678 2993 780 3035 seres
802 2972 917 3035 habuit
932 2972 965 3034 in
981 2972 1123 3055 ratione,
1141 2997 1206 3060 qua

143 3095 189 3137 res
201 3089 233 3139 ct
243 3074 410 3137 sententiae
418 3089 587 3160 poetarum
601 3096 692 3136 more
702 3073 828 3160 possint
838 3074 1023 3153 ell'erri,seu
1033 3074 1066 3135 in
1076 3074 1205 3139 dicendi

142 3197 254 3262 genere
274 3191 308 3239 et
325 3191 444 3239 ornatu
464 3176 567 3262 poetis
590 3176 741 3264 proprio,
758 3198 861 3262 quum
880 3176 947 3264 ipse
963 3197 1084 3254 sermo,
1105 3199 1202 3262 quem

142 3276 351 3364 antiquissimi
375 3277 598 3339 Romanorum
622 3273 727 3362 poetas
749 3275 980 3356 adhibuerant,
1004 3276 1206 3362 posterisque

142 3376 360 3466 adoptandum
380 3378 591 3464 reliquerant,
614 3398 653 3439 ex
669 3399 774 3465 graeco
798 3377 887 3440 fonte
908 3373 1053 3455 fluxerit,
1077 3392 1109 3439 et
1126 3399 1203 3463 pro·

142 3495 246 3565 pterea
266 3477 416 3543 imitandi
438 3476 662 3559 consuetudo,
679 3478 881 3564 antiquitatis
900 3477 1092 3541 auctoritate
1113 3501 1204 3542 com·

142 3579 305 3660 meleta,
321 3578 410 3666 spud
431 3580 596 3642 Romanos
617 3577 817 3643 inveteravit.
838 3578 890 3644 Ad
906 3602 978 3643 eam
992 3580 1092 3669 igitur
1105 3581 1203 3667 partis

141 3680 306 3749 rhetorices
314 3679 658 3765 similitudinemque
666 3678 708 3743 de
718 3680 1205 3766 enunciationeagit,acutiores

142 3784 237 3872 magis
248 3804 349 3871 quam
361 3781 593 3870 ingeniosiores
610 3797 712 3844 totam
728 3781 886 3846 sermonis
901 3781 1016 3869 poetici
1029 3781 1203 3860 rationem,

142 3906 250 3948 omnes
274 3900 403 3972 tropos,
419 3881 552 3971 liguros,
570 3883 724 3970 imagines
741 3883 781 3946 od
800 3901 886 3948 certa
907 3906 1023 3971 genera
1040 3899 1071 3947 et
1090 3883 1205 3947 clauses

86 4012 88 4019 ·
142 4006 286 4050 revocare
302 4001 486 4072 coeperunt,
504 4001 542 4049 ut
560 4000 666 4048 totum
684 4002 871 4073 apparatum
890 3983 1054 4071 poeticum
1072 3983 1203 4047 scientia
