2686 4808
335 395 391 461 in
420 394 493 462 cn.
524 342 900 462 ennunrnnun.
1128 392 1148 464 s

77 533 176 582 erant
202 514 443 602 componenda,
473 536 544 600 qua*
571 516 605 577 iu
628 515 830 602 panegyricis
846 516 997 604 protulit;
1024 533 1153 596 tamen,

77 618 244 707 siquidem
262 615 473 704 impudentiae
484 632 517 679 et
529 638 665 695 summaev
672 616 821 680 vanitatis
837 617 960 679 crimen
971 617 1023 679 vel
1034 617 1067 678 in
1083 617 1149 679 lau·

67 718 192 803 ¹dando
212 717 438 806 effugiendum
456 732 521 792 est,
539 738 580 779 ne
596 717 643 796 is,
661 739 759 803 quem
777 717 926 793 extollas,
946 717 1031 779 risui·
1043 718 1154 804 propi·

79 835 197 913 neurr,
213 818 319 883 fundo
340 819 450 907 aliquo
473 816 631 912 probabili
653 816 808 881 destituta
832 840 902 880 esse
928 819 1065 881 omnino
1084 840 1150 879 non

77 935 253 1007 poterant,
277 941 348 1006 quae
370 917 573 1006 praedicanda
596 920 749 1006 suscepit.
770 920 877 1006 Atque
898 919 961 983 hoc
989 940 1056 981 non
1086 934 1151 980 tam

77 1019 167 1084 valet
180 1019 214 1082 in
230 1019 405 1083 virtutibus
422 1017 638 1096 celebrandis,
654 1019 688 1081 in
702 1020 848 1106 corporis
862 1018 1108 1107 pulchritudine
1122 1035 1155 1082 et

78 1119 189 1208 specie
205 1118 381 1200 laudanda,
392 1139 583 1207 quanquam*
592 1120 689 1184 etiam
699 1122 732 1183 in
744 1120 811 1200 his,
822 1143 894 1207 quae
903 1120 999 1185 fidem
1013 1122 1152 1208 aliquam

78 1221 177 1285 dictis
190 1222 295 1286 facere
310 1221 450 1310 possint,
470 1245 538 1285 non
556 1222 693 1285 omnino
712 1221 833 1286 debent
847 1220 1038 1303 desiderari,
1055 1245 1151 1309 quam

78 1323 116 1385 in
135 1322 232 1386 rebus
248 1323 344 1411 gestis
361 1321 590 1410 praedicandis,
607 1324 640 1385 in
658 1322 778 1409 quibus
797 1344 924 1411 semper
938 1322 1060 1410 aliquid
1071 1322 1151 1386 sub·

71 1426 152 1487 'esse
168 1423 278 1503 debet,
296 1423 386 1511 quod
398 1444 473 1486 vere
490 1439 616 1512 gestum
632 1423 718 1486 inter
735 1445 849 1487 omnes
865 1437 1007 1503 constet,
1024 1422 1149 1486 etiamsi

77 1523 115 1587 id
131 1525 254 1589 artibus
266 1520 434 1590 rhetoricis
451 1540 636 1612 ornatuque
654 1524 784 1611 poetico
801 1523 914 1587 faciem
930 1541 1095 1586 externam
1111 1521 1152 1584 sit

78 1641 214 1690 nactum
227 1648 245 1688 a
259 1626 305 1689 rei
320 1625 454 1689 veritate
469 1624 710 1690 abhorrentem.
727 1627 789 1689 Res
801 1625 885 1713 ipsas
895 1624 1097 1688 comminisci
1110 1647 1151 1686 nc

77 1725 316 1805 abjectissimus
328 1726 460 1814 quidem
475 1726 624 1790 adulator
634 1742 755 1790 temere
767 1726 883 1807 audet,
897 1726 972 1812 quia
986 1725 1036 1788 vel
1051 1726 1151 1813 ipsius

78 1850 279 1918 magnopere
298 1829 450 1909 interest,
470 1849 572 1914 quum
596 1826 733 1889 maxime
756 1824 957 1905 blandiatur,
975 1826 1014 1888 ab
1042 1848 1152 1903 assen-

78 1928 171 1993 tandi
192 1928 379 2016 suspicione
397 1929 537 1992 liberum
558 1926 677 2011 videri,
692 1951 734 1992 ne
754 1927 858 1992 orado
879 1927 991 1991 ironiae
1009 1927 1150 2015 speciem

77 2029 211 2113 induat3
228 2028 329 2094 sedin
344 2031 382 2094 iis
395 2028 608 2117 explicandis,
625 2027 797 2118 augendis,
809 2026 1047 2116 deprimendis,
1058 2050 1151 2091 exor-

78 2130 197 2203 nandis
206 2147 240 2196 et
249 2129 483 2219 amplificandis
492 2129 628 2192 consilio
639 2151 700 2192 suo
711 2126 954 2190 accommodate
970 2128 1088 2190 versari
1099 2150 1151 2190 so·

77 2233 136 2296 let.
152 2232 268 2321 Neque
282 2230 452 2312 eiidcirco,
461 2252 565 2318 quum
576 2229 656 2292 nihil
664 2230 731 2292 fere
743 2227 848 2310 sit,‹le
856 2251 922 2315 quo
930 2228 963 2291 in
978 2244 1150 2317 utramque

78 2349 206 2422 partem
225 2331 382 2421 disputari
398 2347 554 2420 nequeat,
573 2331 749 2419 praesertim
766 2329 795 2395 si
810 2329 895 2411 ejus,
914 2328 1004 2418 quod
1016 2332 1066 2393 vel
1080 2332 1150 2395 lau·

77 2433 285 2499 dandumrel
293 2433 545 2523 vituperandum
552 2432 992 2521 susceperis,ratiopluribus
1002 2450 1151 2498 accurate

77 2536 211 2626 cognita
223 2558 291 2600 non
302 2537 359 2617 sit,
373 2535 580 2598 manifestum
591 2535 738 2598 vanitatis
755 2535 877 2597 crimen
892 2550 999 2622 potest
1013 2534 1148 2600 intendi.

79 2639 305 2726 Quapropter,
329 2637 472 2700 carmina
501 2635 689 2715 Claudiani,
724 2659 912 2723 quanquam
939 2636 980 2699 ad
1008 2637 1150 2700 historiae

79 2740 180 2803 fidem
196 2762 234 2803 ea
250 2739 414 2826 scripsisse
441 2736 672 2802 existimandus
701 2754 855 2818 nonest,
883 2737 1149 2825 quandoquidem

79 2864 179 2905 nemo
197 2863 295 2904 sanus
320 2840 364 2920 ei,
381 2841 437 2926 qui
453 2840 504 2902 vel
521 2837 739 2927 praedicatoris
754 2839 805 2901 vel
820 2838 1047 2925 vituperatoris
1063 2839 1149 2901 vices

79 2941 219 3008 tuendas
237 2941 431 3028 susceperit,
452 2941 621 3028 injungere
640 2956 763 3026 potest,
782 2956 821 3003 ut
839 2940 908 3002 sine
925 2939 1033 3002 studio
1052 2956 1085 3002 et
1103 2941 1150 3002 ira

79 3067 132 3108 res
147 3058 382 3107 commemoret
392 3066 401 3122 ;
412 3058 519 3104 tamen
533 3042 567 3103 in
584 3042 621 3104 iis
637 3043 873 3119 monumentis,
888 3065 925 3103 ex
938 3041 1057 3128 quibus
1071 3057 1149 3105 tem·

78 3169 200 3235 porum
216 3144 314 3224 ratio,
333 3144 435 3230 qualis
451 3144 514 3206 sub
530 3142 716 3206 Theodosio
730 3143 775 3207 M.
793 3142 927 3229 ejusque
943 3141 1015 3204 liliis
1031 3141 1148 3223 suerit,

79 3248 183 3335 possit
193 3247 365 3326 constitui,
378 3247 428 3309 vel
439 3246 625 3334 gravissima
641 3260 719 3307 sunt
734 3242 955 3307 existimanda.
970 3243 1041 3305 Nec
1054 3267 1149 3330 parva
1165 3321 1168 3325 ,

80 3371 159 3411 sanc
172 3363 221 3412 est
240 3347 378 3428 utilitas,
394 3369 465 3435 quae
480 3369 519 3409 cx
532 3369 646 3408 eorum
664 3346 803 3409 lectione
822 3345 862 3408 ad
879 3346 1045 3407 historiam
1063 3346 1149 3409 illius

79 3565 188 3637 scripta,
197 3577 282 3617 totam
292 3567 348 3636 ejus
353 3566 433 3617 vitam
441 3584 585 3636 omnesque
594 3583 635 3617 res
641 3565 766 3635 preclare
773 3577 856 3633 gestas
864 3564 1011 3628 continent,
1018 3562 1151 3618 laudibus·

79 3665 135 3716 que
144 3648 201 3715 ejus
210 3645 296 3698 solum
308 3657 370 3697 sunt
378 3643 473 3697 dicata.
487 3646 616 3697 Praeterea
628 3657 715 3696 autem
727 3644 861 3696 neminem
871 3644 940 3706 fere,
953 3662 987 3696 ne
998 3644 1148 3695 Honorium

80 3724 209 3795 quidem,
223 3723 347 3777 laudibus
361 3725 476 3777 celebrat
489 3723 666 3786 Claudianus,
681 3725 745 3794 quin
762 3723 915 3775 Stilichonis
931 3742 1032 3775 memor
1047 3724 1083 3775 sit
1096 3724 1150 3788 ita,

78 3817 112 3857 ut
123 3805 215 3858 omnia
227 3804 266 3856 illi
280 3804 402 3857 tribuisse
414 3803 545 3856 videatur.
562 3804 603 3856 CI.
617 3805 687 3864 vn,
709 3809 762 3865 1154
775 3822 833 3873 sqq.
848 3804 930 3866 VIII,
947 3805 1018 3866 430,
1034 3803 1080 3854 uhi
1093 3803 1150 3855 leli·

78 3885 146 3937 citas
167 3898 317 3954 temporum
333 3885 382 3935 sub
400 3882 520 3936 Honorio
536 3881 688 3934 Stilichonis
708 3882 801 3935 virtuti
821 3896 848 3934 et
867 3881 1043 3935 moderationi
1063 3883 1150 3950 impu·

79 3977 134 4016 tata
156 3965 248 4016 fertur.
265 3962 335 4015 Vide
347 3976 473 4031 practerea
489 3964 523 4028 X,
535 3964 571 4014 3ο
585 3981 641 4032 sqq.
657 3964 717 4014 XV.
736 3965 791 4016 288
806 3981 863 4032 sqq.
878 3976 904 4015 et
919 3964 974 4015 318
987 3981 1044 4032 sqq.
1057 3961 1151 4022 XVII,

82 4033 137 4098 16'1
157 4063 213 4116 sqq.
228 4045 302 4109 Quin
314 4044 390 4096 illum
404 4041 557 4097 Theodosio
571 4043 610 4095 Μ.
626 4043 751 4113 prefert,
767 4043 833 4093 XXI
841 4079 850 4107 ,
869 4049 932 4108 144.

931 4162 943 4204 I
