2686 4808
344 341 401 441 iu
430 374 503 441 cn.
531 338 910 442 antummum.
1135 400 1159 470 9
1249 378 1254 387 ·

86 498 143 560 ille
161 512 293 585 poetam
309 509 459 558 nostrum
470 515 493 555 a
501 493 623 558 Cdrt'sti
630 496 755 558 nomine
766 494 910 559 alienum
916 543 927 575 ,
946 496 999 559 hic
1009 499 1165 583 gentilem.

79 598 371 688 pervicacissimum
385 593 548 677 nominat3
565 610 664 682 atque
679 596 713 658 in
732 595 783 659 his
801 595 1073 683 acquiescendum
1091 620 1161 663 esse

63 754 67 765 .
88 719 220 763 censeo.
236 696 372 783 Reliqua
389 711 601 784 argumenta,
623 719 696 783 quae
715 695 880 761 Gesnerus
900 720 940 761 ex
961 699 1160 764 carminibus

88 797 301 889 ipsis·ducit,
314 796 467 862 levissimi
491 812 569 861 sunt
593 798 768 879 momenti,
787 814 845 863 aut
859 799 969 886 potius
990 799 1072 863 nihil
1087 822 1162 888 pro·

88 897 1162 988 bnnssctenimquidprohiheat,quominusvelsanctissimuspoetu

89 1002 248 1066 Veterum
267 998 425 1089 loquendi
443 1000 590 1063 formulis
608 999 658 1080 uti
680 999 804 1087 possit?
820 1001 959 1080 Contra,
980 1001 1162 1064 christiane

89 1101 270 1191 discipline
292 1101 445 1166 asseclam
463 1101 622 1164 Nostrum
644 1099 744 1164 fuisse
767 1122 807 1164 ex
829 1099 1027 1164 carminibus
1051 1099 1162 1189 groecis

89 1203 260 1291 disputare
268 1202 379 1284 velle²,
392 1225 464 1290 quae
478 1201 541 1266 sub
550 1201 620 1281 ejus
628 1201 764 1265 nomine
775 1201 1066 1281 circumferuntur,
1079 1200 1162 1267 nihil

88 1303 181 1370 aliud
204 1321 272 1387 est,
287 1326 387 1392 quam
407 1305 497 1368 litem
516 1303 572 1366 lite
595 1301 788 1383 dissolvere;
802 1303 894 1389 prius
912 1302 1001 1367 enim
1022 1317 1070 1366 est
1088 1324 1163 1394 pro·

89 1404 256 1488 bandum,
266 1403 357 1494 quod
370 1405 502 1494 probari
514 1403 642 1490 nequit,
654 1403 707 1467 illa
719 1403 851 1492 ingenio
860 1400 1027 1466 Claudiani
1041 1400 1162 1468 deberi.

71 1504 156 1570 Sed
176 1507 253 1573 satis
270 1506 336 1585 jam
353 1503 396 1569 de
414 1505 479 1569 vita
498 1503 667 1569 Claudiani
689 1503 891 1593 disputatum
912 1519 979 1568 est:
996 1501 1162 1568 videamus

89 1628 197 1686 nunc,
220 1606 307 1693 quali
333 1604 433 1669 fuerit
452 1605 600 1694 ingenio,
622 1627 761 1694 quaeque
785 1604 949 1670 scribendi
970 1604 1039 1684 ejus
1062 1605 1161 1686 ratio,

89 1704 454 1793 quibusvirtutibusilla
463 1705 660 1787 inclaruerit,
668 1707 823 1793 quaeritis
831 1704 1161 1771 notandavideantur.

87 1912 159 1979 DE
193 1910 484 1980 CLAUDIANI
520 1911 745 1981 INGENIO
769 1912 841 1979 -ΕΤ
876 1912 1164 1981 FACULTATE

514 2042 743 2110 POETICA.

135 2241 330 2307 Tenendum
345 2258 394 2306 est
408 2241 523 2331 igitur,
540 2240 756 2305 Claudianum
775 2241 876 2305 fuisse
888 2242 1165 2326 Alexandrinum,

92 2345 133 2408 in
148 2366 185 2409 ea
199 2344 283 2408 urbe
299 2358 430 2423 natum,
444 2343 478 2406 in
496 2365 560 2430 qua
576 2343 672 2407 etiam
692 2341 753 2406 illis
773 2341 976 2431 temporibus
999 2343 1166 2408 literarum

88 2443 201 2509 studia
213 2435 383 2533 vigebant,
395 2440 591 2531 quibus'sub
600 2443 781 2509 Ptolemaeis
795 2466 995 2532 peromnem
1008 2460 1166 2511 terrarum

88 2545 208 2610 orbem
226 2545 345 2609 nobilis
362 2559 429 2607 erat
443 2559 476 2607 et
489 2545 582 2608 clara.
603 2544 654 2608 lbi
669 2545 786 2607 scholae
803 2545 1082 2633 geographorum,
1098 2569 1168 2610 ma·

89 2645 365 2726 thematicorum,
391 2660 673 2725 astronomorum,
694 2667 752 2708 seu
774 2647 883 2733 potius
908 2647 1166 2735 astrologorum,

90 2746 434 2836 philosophorumque
452 2744 597 2809 discendi
619 2744 744 2832 cupidis
761 2762 854 2809 erant
868 2762 1004 2834 apertae,
1028 2747 1085 2834 qui
1105 2748 1166 2812 nisi

90 2848 232 2912 omnino
254 2863 377 2912 naturae
402 2862 435 2910 et
455 2847 577 2936 ingenii
601 2846 733 2910 dotibus
756 2845 902 2910 destituti
929 2865 1052 2928 essent,
1069 2849 1165 2913 variis

89 2949 250 3013 doctrinis
266 2964 299 3014 et
319 2948 489 3035 multiplici
510 2970 620 3011 rerum
643 2948 831 3037 cognitione
853 2949 999 3012 animum
1016 2965 1167 3036 poterant

90 3049 302 3138 locupletare.
324 3049 390 3113 Diu
405 3065 515 3112 autem
526 3049 591 3129 jam
609 3065 701 3125 ante,
722 3072 893 3135 perversus
915 3050 968 3114 ille
988 3073 1059 3114 mos
1077 3051 1164 3138 apud

89 3151 278 3215 scholarum
296 3151 466 3239 magistros
485 3150 694 3238 reliquosque
711 3151 860 3214 homines
879 3149 994 3215 doctos
1012 3152 1164 3233 invaluit,

89 3267 131 3315 ut
150 3250 303 3314 omnibus
322 3250 468 3314 studiisa
482 3273 591 3314 rerum
608 3267 683 3314 actu
697 3268 729 3314 et
740 3274 820 3314 ¹uera
835 3253 898 3315 vita
915 3251 955 3315 ad
968 3252 1117 3316 umbram
1132 3270 1165 3318 et

88 3353 199 3418 otium
218 3355 391 3433 revocatis,
416 3351 514 3415 finem
537 3351 701 3415 scribendi
720 3368 752 3416 et
773 3351 888 3416 orandi
916 3353 1163 3419 delectationem

88 3455 195 3519 solam
209 3470 404 3529 statuerent,
421 3454 573 3540 illamque
591 3476 657 3515 non
676 3454 711 3515 in
727 3455 882 3541 gravitate
900 3477 1010 3518 rerum
1027 3470 1059 3518 et
1075 3456 1162 3520 utili·

89 3571 175 3631 tate,
194 3552 251 3618 sed
272 3554 306 3616 in
325 3553 487 3643 figmentis
508 3570 541 3616 et
564 3554 775 3619 exornatione
793 3556 932 3619 oratoria
954 3557 1159 3624 collocarent.

87 3657 249 3720 Ptaeterea
268 3655 396 3744 vigebat
416 3656 450 3717 in
477 3655 530 3717 illa
549 3654 631 3718 urbe
654 3656 938 3744 grammaticorum
966 3657 1160 3742 multitudo,

84 3756 149 3846 qui
161 3778 294 3844 operam
305 3778 395 3818 suam
410 3756 444 3818 in
460 3755 576 3817 fabulis
591 3755 754 3820 subtiliter
768 3756 963 3843 explicandis
976 3759 1160 3845 ponebant,
1277 3844 1281 3851 ι

132 3981 159 4015 r.
181 3963 237 4025 111,
253 3960 309 4015 336
323 3979 380 4031 sqq.
396 3960 508 4023 XVlIl,
523 3978 578 4012 aro
593 3971 619 4011 et
637 3963 703 4023 314.

130 4061 159 4094 a.
181 4042 268 4103 XCV,
285 4041 374 4094 XCVI
391 4053 416 4093 et
433 4041 544 4093 xcvll.
