2686 4808
332 356 899 439 1N‚CL.CLAUD1ANUM.
945 390 961 416 a
1101 359 1148 431 23

80 472 151 535 scio
183 492 225 532 an
254 468 356 555 lyrico
387 469 498 555 generi
537 467 602 529 sint
633 468 787 555 propria,
814 484 911 556 atque
951 474 1151 559 temporibus

39 642 44 649 ,
80 587 117 635 et
134 567 308 648 institutis,
329 566 449 654 quibus
464 566 642 632 Claudiano
666 567 905 658 indulgendum
922 571 1001 651 fuit,
1025 573 1152 637 alienis·

81 672 184 737 mmm.
204 671 334 753 Quotus
353 669 440 732 enim
460 669 598 756 quisque
614 687 692 732 tune
708 669 760 733 illa
778 669 1016 752 blandimenta,
1030 671 1070 735 ad
1083 695 1154 759 quse

81 876 138 930 que
149 855 284 929 auspiciis,
292 854 416 914 consilio,
432 867 477 907 aut
491 853 584 906 virtuti
596 852 751 923 assignanda
762 855 849 907 statim
861 852 979 907 deflectit
991 853 1025 908 sd
1036 854 1075 917 id,
1081 856 1155 926 quod

81 937 173 1008 specie
188 932 296 1008 quidem
314 935 347 987 ab
361 947 516 1005 argumento
534 934 649 986 alienum
666 946 721 997 est,
735 945 841 1008 tamen,¹
857 936 880 987 si
898 935 988 1006 paullo
1007 937 1154 989 accuratius

82 1013 222 1081 attendas,
240 1013 284 1067 rel
300 1014 412 1067 maxime
430 1013 545 1085 pertinet
562 1011 596 1066 ad
617 1011 827 1083 magnitudinem
848 1027 875 1067 et
893 1012 1096 1085 amplitudinem
1113 1015 1153 1068 rei

81 1107 164 1168 gestu
180 1092 364 1148 illustrandam
381 1105 408 1145 et
421 1090 668 1146 commendandam.
685 1092 752 1157 Quas
766 1111 807 1146 rea
822 1093 911 1145 minus
927 1091 1109 1147 animadversa
1124 1095 1153 1147 in

82 1193 165 1233 musa
185 1173 253 1239 fuit,
271 1185 302 1226 ut
324 1174 479 1244 interpretes
495 1173 592 1242 passim
612 1185 638 1225 et
657 1171 820 1243 antiquiores
839 1184 866 1226 et
884 1173 1044 1228 recentiores
1062 1186 1154 1227 contra

82 1272 195 1307 omnem
208 1253 271 1307 artis
284 1253 415 1306 rationem
428 1250 526 1323 duplex
537 1264 721 1322 argumentum
735 1251 852 1322 ejusdem
863 1253 986 1305 caminis
999 1254 1152 1317 statuerint,

83 1346 135 1387 aut
150 1333 301 1404 wageriam
320 1332 551 1405 phantasmatum,
567 1343 597 1384 ut
614 1331 653 1384 illi
673 1330 782 1402 quidem
798 1332 997 1397 existimabant,
1016 1334 1152 1387 confusam

83 1412 171 1483 lyrica
179 1412 481 1483 mentisperturbatione
494 1411 650 1464 exemerint.
660 1410 746 1480 Hujus
757 1411 796 1462 rei
806 1412 955 1483 exemplum
969 1425 1007 1464 est
1019 1410 1062 1465 od.
1074 1414 1097 1477 1,
1107 1431 1152 1478 12,

84 1494 164 1563 cujus
180 1493 236 1543 vim
252 1490 331 1544 multi
350 1510 490 1562 perperam
510 1503 676 1560 acceperunt.
697 1491 816 1543 Pcrcitus
836 1490 973 1558 Musarum
991 1503 1070 1544 oestro
1093 1505 1154 1545 ante

84 1570 178 1624 oculos
193 1570 328 1624 ebremari
341 1569 415 1623 videt
430 1570 519 1622 subito
532 1571 591 1622 illos
603 1568 714 1622 deorum
729 1583 807 1641 atque
821 1571 974 1636 hominum,
990 1589 1056 1641 quos
1069 1589 1154 1642 popu·

83 1652 129 1704 lus
142 1668 270 1704 romanus
290 1667 394 1720 semper
406 1649 553 1721 praecipuos
566 1649 661 1701 habuit
671 1662 749 1720 atque
765 1651 856 1703 coluit.
871 1651 984 1703 Animus
996 1652 1052 1720 ejus
1063 1664 1153 1704 sancto

82 1730 140 1783 hoc
153 1729 269 1783 concilio
288 1730 364 1800 quasi
385 1729 512 1782 attonitus
529 1731 557 1781 in
574 1747 666 1782 omnes
684 1742 771 1801 partes
792 1732 927 1795 versatur,
947 1730 1054 1800 ipseque
1073 1728 1154 1783 modo

84 1810 175 1880 hujus,
186 1807 268 1863 modo
277 1809 349 1861 illius
356 1809 516 1862 mentionem
528 1808 599 1868 facit,
614 1828 668 1859 nou
681 1821 783 1860 servato
797 1821 842 1861 aut
854 1807 989 1880 dignitatis
999 1823 1045 1862 aut
1056 1822 1156 1880 tempo-

83 1890 124 1942 ris
140 1886 253 1953 ordine,
274 1886 359 1940 donec
378 1908 402 1941 r.
425 1888 457 1940 51
482 1887 516 1939 ad
533 1890 680 1956 Augustum
698 1887 799 1950 veniat,
820 1900 898 1959 atque
915 1889 943 1941 in
960 1892 1016 1959 ejus
1031 1887 1154 1942 laudibus

83 1966 221 2021 subsistat.
238 1967 290 2021 Vel
305 1967 389 2038 ipsam
408 1968 517 2020 Catonis
534 1966 666 2020 Uticensis
684 1961 727 2029 (v.
739 1963 793 2031 35)
812 1968 975 2021 mentionem
995 1966 1028 2019 ad
1043 1968 1155 2038 Augusti

84 2045 196 2100 laudem
210 2046 357 2118 pertinere,
370 2047 430 2117 (pris
443 2066 497 2098 non
511 2045 602 2099 videt?
617 2046 718 2098 Summi
733 2047 805 2099 cuim
818 2047 870 2100 viri
883 2059 911 2099 et
922 2047 1051 2101 libertatis
1064 2066 1155 2102 aman-

85 2127 184 2180 tissimi
195 2128 413 2179 commemoratio
425 2126 510 2196 palam
524 2139 550 2178 et
563 2127 671 2196 impune
683 2126 750 2178 sacta
762 2125 879 2179 ostendit
890 2127 1026 2180 liberalem
1039 2127 1156 2198 Impera·

84 2205 155 2259 toris
162 2206 280 2259 animum
287 2243 295 2271 ,
302 2205 349 2277 qui
358 2218 460 2258 tantum
468 2204 566 2257 vindex
575 2204 727 2277 reipublicae
734 2204 818 2257 videri
828 2205 963 2276 cupiebat,
972 2225 1026 2257 non
1036 2223 1155 2272 eversor,

85 2286 189 2358 quique
199 2285 340 2355 imperium
353 2305 367 2337 a
381 2286 482 2356 populo
493 2285 544 2338 sibi
555 2285 693 2337 obtrusum
703 2285 745 2336 vel
755 2285 854 2338 inritus
866 2285 995 2338 sustinere
1006 2285 1154 2337 simulabat.

86 2366 183 2435 Specie
199 2363 308 2436 quidem
320 2366 453 2435 Augustus
466 2365 516 2417 suh
529 2365 596 2417 Jove
612 2363 786 2436 deprimitur,
807 2363 854 2417 sed
866 2383 949 2435 quum
963 2362 1107 2417 secundum
1122 2365 1156 2417 ab

85 2445 137 2498 illo
153 2445 243 2497 locum
260 2444 381 2497 obtinere
400 2442 521 2506 dicatur,
541 2463 619 2514 supra
637 2463 728 2496 omnes
740 2446 856 2514 reliquos
872 2445 995 2498 mortales
1012 2444 1154 2497 extollitur.

86 2525 130 2577 De
160 2523 211 2577 hoc
235 2523 353 2577 carmine
382 2524 457 2577 aliter
484 2537 597 2577 statuere
623 2523 729 2577 videtur
749 2522 926 2589 Wielandus,
946 2542 1024 2595 quem
1048 2522 1102 2576 vid.
1123 2523 1150 2576 in

85 2616 148 2656 not.
161 2601 195 2656 ad
209 2604 301 2656 Horat.
317 2604 401 2675 Epist.
415 2604 448 2656 T.
460 2603 501 2668 11,
515 2623 541 2674 p.
558 2605 603 2656 23.
620 2605 735 2656 Alterius
752 2604 791 2656 rei
810 2604 958 2674 exemplum
978 2603 1155 2656 luculentissi-

86 2701 165 2735 mum
181 2696 221 2735 est
237 2681 282 2735 od.
301 2685 361 2750 111,
373 2685 408 2747 5,
424 2682 453 2735 in
468 2701 522 2753 quo
542 2683 658 2736 carmine
676 2682 834 2753 exponendo
852 2683 1042 2735 sententiarum
1056 2702 1154 2735 nexum

85 2762 211 2833 plerique
227 2781 283 2815 nou
300 2761 434 2815 viderunt.
456 2764 589 2833 Augustus
605 2763 732 2827 Pa'rtbos,
748 2781 831 2832 quum
852 2763 926 2832 signa
948 2764 1042 2816 Crasso
1065 2775 1166 2833 erepta⁴

84 2841 244 2913 reoepiaset,
254 2842 386 2912 subegisse
395 2861 411 2894 a
421 2855 498 2911 poeta
509 2843 627 2912 lingitur.
636 2842 684 2894 Illa
699 2843 806 2894 victoria
819 2841 990 2912 ignominiam
1003 2861 1057 2894 nou
1069 2843 1154 2895 solum

84 2918 174 2975 cladis
184 2921 373 2982 Romanorum,
388 2919 434 2973 sed
449 2921 527 2974 etiam
539 2923 611 2992 pacis
624 2919 721 2997 deinde
735 2940 796 2973 cum
806 2921 911 2974 Parthis
926 2922 1044 2988 sactae,ut
1056 2922 1156 2994 captivi

84 3013 327 3071 recuperaremus,
346 3000 393 3071 qui
408 3002 463 3070 jam
481 3001 647 3053 matrimonia
660 3019 720 3053 cum
739 3001 858 3053 barbaris
875 2999 943 3053 inire
962 3001 1045 3054 coacti
1063 3014 1153 3067 erant,

84 3078 170 3152 plane
183 3079 311 3133 abstersit.
325 3080 374 3132 Illa
389 3098 439 3150 par
450 3079 623 3150 ignominiosa
636 3100 650 3132 a
661 3093 752 3133 senatu
765 3093 822 3132 erat
832 3081 898 3134 facta
912 3093 957 3133 aut
970 3082 1158 3151 comprobata,

84 3176 243 3230 quanquam
258 3159 373 3230 Regulus
388 3160 430 3211 vel
444 3173 530 3212 morte
544 3179 590 3212 sua
605 3179 696 3213 cavere
711 3159 863 3224 studuerat,
883 3178 916 3212 ne
932 3158 1039 3231 quando
1054 3160 1154 3213 bellum

85 3257 154 3292 cunt
170 3236 290 3291 hostibus
305 3252 358 3291 tam
376 3239 550 3309 ignominiose
565 3241 679 3310 populus
688 3259 813 3292 romanus
829 3240 925 3292 finiret.
938 3239 1074 3305 Quaeritur
1085 3243 1155 3311 jain,

85 3336 152 3390 quaa
168 3317 203 3369 sit
213 3318 258 3371 illa
268 3337 320 3389 part
330 3336 390 3370 cum
404 3318 507 3370 Parthis
520 3319 599 3383 sacta,
614 3339 668 3391 quo
681 3331 798 3390 tempore
811 3332 837 3371 et
851 3339 865 3371 a
880 3319 951 3390 quo?
965 3319 1017 3371 boc
1030 3319 1154 3390 equidem

84 3396 189 3451 nescio.
206 3395 259 3451 Sed
278 3416 320 3451 res
335 3399 515 3450 Romanorum
530 3411 621 3451 contra
638 3399 750 3451 Parthos
769 3412 829 3469 post
840 3398 963 3453 Crassum
982 3399 1031 3450 sub
1049 3399 1155 3465 Cassio,

85 3476 189 3530 Bibulo
204 3489 231 3530 et
248 3477 295 3543 iis,
315 3476 361 3548 qui
381 3488 470 3547 postea
486 3478 612 3530 exercitui
634 3479 811 3549 praefuerunt,
833 3490 912 3549 gestae
933 3477 1041 3529 omnino
1060 3498 1155 3550 parum

85 3556 205 3627 cognitae
217 3568 294 3621 aunt,
309 3570 336 3609 et
349 3555 452 3609 diverse
465 3576 479 3609 a
492 3556 602 3610 diversis
617 3571 767 3610 narrantur.
783 3558 833 3620 Et,
849 3558 871 3609 si
885 3576 975 3629 pacem
990 3576 1082 3628 negas,
1097 3579 1157 3630 pos·

86 3647 157 3691 sunt
172 3634 286 3688 inducite
299 3637 387 3689 locum
400 3636 522 3689 habuisse
539 3636 572 3688 ad
588 3636 781 3708 recuperandos
795 3637 912 3706 captivos
927 3638 1009 3690 factae.
1029 3637 1157 3692 Admissis

88 3716 123 3768 iis
134 3755 144 3780 ,
156 3732 214 3784 quta
224 3717 382 3785 conjectavi,
393 3735 502 3786 quaeque
510 3717 634 3770 Horatius
645 3717 792 3787 siguificare
801 3715 920 3780 videtur,
930 3736 1012 3787 quum
1025 3718 1158 3771 historicis

87 3795 255 3866 argumentis
266 3796 350 3847 refelli
363 3810 507 3865 nequeant,
520 3798 608 3848 omnia
621 3796 774 3866 expeditum
785 3798 973 3850 nanciscuntur
983 3797 1157 3867 explicatum,
1223 3802 1227 3809 '

87 3893 142 3927 nec
162 3873 265 3927 facilem
283 3888 309 3927 et
323 3876 470 3928 naturalem
484 3876 671 3928 sententiarum
688 3897 783 3929 ncsum
803 3877 928 3947 requires.
947 3877 1078 3945 Augustus
1092 3878 1155 3929 Par·

88 3954 155 4006 thos
168 3951 279 4017 devicit,
289 3956 420 4026 pacisque,
435 3976 478 4007 seu
492 3954 657 4008 imluciarum
670 3954 861 4028 turpitudinem
874 3956 988 4019 sustulit,
994 3976 1045 4027 qua
1055 3971 1158 4009 senatus

87 4033 212 4105 captivos
227 4054 384 4104 recuperare
400 4055 453 4087 non
473 4036 594 4101 crubuit,
609 4038 668 4106 qni,
690 4050 718 4088 ut
735 4038 815 4088 vitam
835 4048 983 4101 servarent,
1002 4056 1057 4089 non
1074 4037 1158 4087 solum

961 4116 1002 4195 2³1
