2686 4808
146 339 187 405 18
472 340 882 408 PROLEGOMENA

138 459 237 546 igitur
254 458 359 521 solum
382 457 523 520 restabat
541 473 663 544 poetar,
683 474 720 521 ut
737 459 835 521 animi
859 444 983 541 nactus,
1001 464 1122 548 quibus
1141 466 1213 553 ipse

93 565 96 571 ’
137 559 278 638 carebat,
296 574 363 622 arte
379 558 555 621 simularet.
579 559 654 622 Non
679 575 912 646 potestantem
937 561 1022 644 fieri,
1039 580 1077 627 ut
1099 568 1211 631 omnis

135 660 211 723 artis
228 661 402 724 ostentatio
414 682 469 723 eos
480 682 593 723 sensus
610 661 743 740 excitet,
761 684 844 748 quos
866 663 965 725 animi
987 664 1123 729 affectus
1138 668 1211 731 reri

134 762 285 845 eliciunt,
300 761 342 825 ad
360 784 443 849 quos
460 760 617 849 loquendi
634 763 716 825 ratio
733 787 784 844 ea,
802 786 875 849 quae
890 763 1013 850 optima
1032 781 1066 829 et
1081 763 1208 831 fidelis·

131 863 212 926 sima
238 863 356 926 mentis
384 863 543 950 interpres
564 878 630 942 est,
657 880 773 950 sponte
795 886 830 926 se
847 864 1092 929 accommodare
1109 868 1208 934 solet.

133 966 294 1027 Caeterum
308 962 460 1027 laudandi
475 963 713 1027 consuetudine
729 965 827 1027 semel
844 962 994 1046 inducta,
1011 967 1209 1033 certamine·

131 1087 197 1151 que
215 1064 336 1151 poetis,
352 1063 529 1151 praesertim
553 1064 723 1141 famelicis,
742 1065 877 1147 injecto,
895 1088 999 1152 quum
1016 1068 1098 1130 alter
1113 1069 1209 1132 alteri

131 1165 165 1227 in
183 1162 340 1251 captanda
356 1166 592 1251 Imperatorum
605 1181 638 1228 et
652 1187 824 1253 procorum
843 1166 1070 1237 benevolentia
1085 1167 1208 1234 cedere

132 1265 250 1345 nollet,
267 1262 400 1340 accidit,
418 1279 456 1326 ut
472 1265 505 1327 in
523 1265 619 1337 rebus
638 1266 716 1329 citra
733 1288 865 1329 omnem
881 1268 1024 1331 veritatis
1043 1288 1206 1333 verecun-

131 1363 218 1426 diam
231 1363 387 1453 augendis
396 1380 429 1428 et
436 1364 666 1453 amplificandis
682 1367 916 1454 probabilitatis
925 1367 1061 1432 inodum
1068 1391 1207 1456 prorsus

132 1465 332 1531 excederent.
354 1467 436 1548 Quae
453 1489 555 1554 quum
581 1468 735 1556 legimus,
754 1467 863 1530 mirari
880 1467 973 1549 licet,
990 1485 1115 1554 quanto
1132 1486 1207 1535 sto·

132 1697 237 1750 nullum
249 1716 304 1750 esse
317 1715 407 1768 posse,
423 1716 472 1750 nec
487 1697 600 1750 civitatis
612 1716 767 1768 oppressore
785 1717 799 1749 e
816 1695 904 1749 medio
923 1695 1040 1749 tollendo
1055 1697 1206 1771 quidquam

133 1776 206 1831 eliud
220 1777 328 1849 profici,
343 1796 423 1848 quam
438 1790 469 1830 ut
479 1777 603 1847 reliquis,
616 1777 643 1828 in
656 1776 778 1830 subsidiis
789 1777 864 1846 quasi
878 1774 912 1829 ad
923 1781 1110 1848 quamcunque
1126 1798 1206 1833 occa-

133 1858 234 1910 sionem
248 1856 403 1927 captandam
416 1857 580 1910 latitantibus
593 1869 619 1908 et
632 1856 780 1928 promptis,
792 1855 879 1908 aditus
892 1854 926 1908 ad
940 1856 1026 1908 simile
1038 1856 1142 1928 aliquid
1155 1874 1206 1913 ιιιι-Ι

133 1934 251 1989 (lendum
260 1937 345 1988 multo
354 1954 414 1989 cum
423 1937 549 2007 sauguine
558 1949 704 2006 pararetur.
717 1933 797 2000 Quod
808 1938 835 1988 in
844 1936 891 1987 illo
905 1953 996 1988 rerum
1007 1947 1076 1988 statu
1088 1938 1209 1993 maxime

134 2017 250 2088 optabile
261 2027 326 2080 erat,
340 2029 370 2068 ut
380 2018 474 2086 jugum
486 2015 632 2068 cervicibus
643 2015 938 2086 impositum‚quantum
951 2016 1023 2066 abeo
1031 2015 1091 2068 lieri
1100 2030 1206 2087 posset,

133 2097 191 2149 leve
203 2093 355 2163 videretur,
367 2107 412 2159 ut,
428 2094 502 2166 quod
517 2095 581 2147 boni
595 2096 623 2147 in
637 2095 705 2148 rotis
718 2095 865 2160 habebant,
880 2098 1007 2164 cujusque
1020 2095 1105 2163 gratia
1119 2108 1208 2150 muta·

133 2189 187 2229 tam
203 2173 354 2247 reipublicae
375 2176 486 2227 formam
502 2176 617 2246 aequiore
635 2176 726 2227 animo
743 2175 878 2235 ferebant,
898 2171 1037 2226 discordie
1052 2168 1222 2243 intestino,

133 2254 291 2319 seditiones,
311 2256 432 2326 bellaque
449 2255 537 2307 civilia
555 2266 770 2326 removerentur,
789 2268 818 2306 ut
838 2272 884 2306 sua
903 2253 999 2324 cuique
1019 2265 1076 2306 tuta
1097 2268 1206 2325 essent,

133 2335 222 2386 nullus
234 2336 267 2386 ab
276 2334 397 2387 hostibus
408 2334 522 2386 externis
537 2334 617 2385 timm
629 2332 806 2404 impenderet,
819 2351 968 2402 nomenque
984 2333 1078 2404 populi
1096 2337 1204 2389 romani

134 2412 205 2484 apud
223 2414 350 2465 barbaros
368 2413 396 2464 in
419 2413 521 2464 honore
541 2425 568 2464 et
587 2413 670 2482 gloria
690 2423 773 2477 emet,
797 2424 826 2463 ut
845 2412 917 2465 vitiis
938 2413 1007 2483 leges
1031 2412 1204 2482 resisterent,

133 2491 280 2562 virtutique
289 2510 351 2543 suus
360 2492 446 2543 honos
458 2502 602 2557 constaret,
616 2492 668 2543 hoc
679 2493 811 2561 Augustas
824 2510 869 2543 seu
880 2492 1002 2562 praestitit
1015 2509 1062 2543 seu
1074 2506 1205 2563 prostare

135 2570 241 2625 adnisus
261 2582 315 2637 est,
333 2583 411 2642 atque
428 2570 522 2623 inillis
541 2571 619 2623 rebus
637 2569 800 2623 celebrandis
817 2571 943 2623 Horatius
962 2571 1111 2643 reliquique
1128 2572 1205 2628 illius

135 2651 219 2703 aetatis
231 2664 315 2722 poeta
327 2651 404 2703 marlti
417 2662 487 2703 sunt.
504 2650 545 2702 Cf.
558 2651 651 2704 Vellei.
665 2652 795 2704 Patercul.
808 2652 847 2714 11,
864 2654 910 2720 89.
927 2652 960 2701 In
973 2650 1095 2703 Honorio
1106 2665 1204 2709 contra

135 2728 283 2785 Claudiano
298 2731 387 2783 omnia
401 2728 523 2793 defuere,
539 2749 597 2801 quoe
610 2729 717 2802 quidem
731 2751 779 2802 per
791 2750 819 2782 se
831 2729 967 2800 dignitatis
981 2729 1042 2781 satis
1054 2730 1204 2800 habereut3

135 2811 219 2864 multa
239 2811 319 2881 igitur
339 2824 413 2864 erant
433 2811 462 2862 in
479 2808 585 2863 laudem
605 2809 803 2882 detorquenda,
828 2809 913 2862 multa'
931 2806 1097 2880 effingenda,
1115 2812 1203 2866 multu

135 2903 231 2960 preater
244 2910 350 2943 omnem
368 2889 448 2943 fidem
466 2889 601 2961 augenda,
619 2904 644 2943 et
662 2909 696 2943 ne
712 2887 890 2962 sicquidem,
909 2888 982 2940 omni
998 2900 1055 2941 arte
1068 2889 1097 2941 in
1113 2891 1203 2946 subsi-

136 2968 210 3023 dium
226 2983 331 3037 vocata,
351 2971 449 3042 species
465 2982 522 3022 orta
534 2983 573 3022 est
588 2969 707 3041 quaedam
722 2969 862 3041 majestatis
879 2968 971 3040 plena,
986 2987 1067 3040 quam
1079 2969 1202 3024 efficien-

135 3047 196 3101 dam
215 3063 293 3120 poeta
315 3051 365 3102 sibi
382 3063 572 3122 proposuerat,
592 3049 639 3103 sed
657 3049 746 3120 potius
768 3050 854 3119 imago
871 3046 983 3100 distorta
1008 3048 1204 3119 magnitudini.

137 3130 263 3200 ingentis,
280 3149 294 3182 a
310 3148 410 3201 puero,
424 3142 450 3182 et
469 3148 581 3201 corpore
598 3142 624 3181 et
641 3130 729 3182 animo
749 3130 862 3181 maxime
877 3127 996 3191 infirmo,
1010 3127 1071 3180 satis
1086 3126 1204 3183 ridicule

136 3207 295 3281 discrepans.
311 3211 343 3263 Iu
354 3210 424 3272 aliis,
435 3210 463 3261 in
478 3211 574 3281 quibus
585 3206 674 3280 inopia
683 3226 774 3261 rerum
787 3206 949 3261 Claudianus
958 3207 1046 3259 forsan
1059 3225 1116 3260 non
1128 3208 1204 3263 labo·

136 3289 227 3356 rabat,
238 3289 266 3342 in
275 3290 367 3342 lllallio
375 3302 402 3343 et
410 3289 572 3351 Stilichone,
587 3307 709 3360 perversa
720 3288 764 3341 illa
775 3286 847 3340 ratio'
855 3288 889 3340 ab
899 3287 1049 3339 oratoribus
1060 3283 1202 3359 adoptata,

137 3386 188 3438 qua
200 3369 285 3422 omnis
293 3369 360 3431 vita,
372 3369 445 3440 quasi
456 3389 504 3441 per
515 3389 598 3422 annos
610 3369 721 3440 digesta,
733 3368 851 3438 exposita
861 3379 912 3428 est,
922 3385 1029 3418 omnem
1040 3384 1133 3419 veram
1143 3368 1202 3421 vim

137 3450 266 3517 poeticam
282 3450 406 3515 exclusit,
420 3463 446 3501 et
458 3449 602 3502 virtutibus
612 3449 691 3500 etiam
703 3448 867 3518 singulorum
880 3447 1000 3499 locorum
1010 3445 1110 3499 offecit.
1125 3447 1202 3512 Quid

136 3527 257 3599 frigidius
263 3548 318 3582 esse
326 3542 413 3600 potest
422 3548 511 3582 rerum
521 3527 717 3589 distributione,
724 3546 803 3598 quam
812 3526 875 3579 fecit
881 3526 908 3578 in
915 3526 1060 3579 Stilichone
1067 3526 1202 3595 ornando,

136 3618 166 3659 ut
184 3610 299 3679 primum
315 3609 421 3662 bellicas
435 3611 491 3680 ejus
503 3608 614 3660 virtutes
629 3605 762 3669 laudaret,
775 3604 890 3658 secundo
906 3607 994 3676 pacis,
1009 3607 1088 3659 tertio
1101 3624 1201 3660 eonsu-

135 3685 202 3740 latus
219 3689 313 3741 initia?
326 3686 392 3760 quid
405 3708 455 3759 pro
468 3700 545 3759 poeta
558 3684 723 3758 languidius,
736 3704 814 3756 quiam
831 3686 970 3750 transitus,
981 3686 1077 3756 quibus
1087 3686 1202 3741 lectores

135 3779 162 3819 et
169 3767 303 3822 auditores
310 3769 485 3841 partitionum
496 3765 671 3830 admonuerit,
681 3785 746 3836 quas
756 3766 833 3818 initio
842 3765 949 3818 lecerit?
960 3765 1201 3821 Feliciusversuus

135 3860 174 3900 est
183 3850 279 3904 Statius
293 3851 321 3903 in
334 3849 478 3901 Domitiani
488 3847 625 3899 consulatu
638 3841 712 3907 (Silv.
727 3846 776 3899 IV.
796 3844 821 3910 1)
839 3865 854 3898 a
868 3844 1014 3918 Claudiano
1026 3863 1082 3897 nou
1096 3843 1201 3901 discre-

135 3945 199 3999 pans
211 3931 239 3984 in
251 3930 386 4002 sequenti,
399 3926 471 3998 quod
481 3945 555 3979 coena
564 3926 694 3997 imperiali
709 3940 849 3997 cormptus
864 3925 914 3977 sibi
925 3937 952 3977 et
961 3925 1045 3978 Marsis
1059 3926 1202 3979 extorsisse
1236 3938 1248 3955 ⁴

134 4013 255 4076 videtur,
271 4029 320 4063 nec
334 4010 361 4062 in
375 4008 464 4068 tertio,
482 4025 536 4077 quo
549 4005 591 4060 via
607 4006 758 4060 Domitiana
768 4004 936 4059 describitur.
