2686 4808
124 341 190 386 viu
307 315 553 386 EDITORIS
579 316 709 386 NOVI
737 315 1004 383 PRAEFATIO.

122 464 298 570 insignium
314 460 368 531 vel
381 460 643 549 vrrtutrbus,vel
662 463 773 545 vitiis,
791 475 824 530 et
843 459 1063 546 Claudianus,
1078 477 1116 530 ut
1130 487 1194 556 par

123 586 211 670 er'at,
232 581 332 651 rebus
354 606 428 675 quae
452 580 494 648 ad
515 605 572 649 eos
593 582 762 675 pertinent
784 581 902 674 saepius
921 577 1079 666 adludat,
1101 579 1192 648 nulla

123 714 315 795 temporum
324 714 452 769 ratione
465 697 628 787 adbibita,
642 723 712 768 non
724 700 782 768 abs
800 724 835 767 re
851 699 960 788 visum
976 698 1056 783 fuit,
1074 701 1193 767 seriem

125 843 236 886 rerum
261 841 336 913 quae
350 820 454 893 Poeta
471 819 746 887 commemoravit
767 818 989 913 subjungere,
1010 843 1028 886 a
1051 818 1194 887 Valente

126 962 230 1032 usque
253 937 295 1006 ad
315 936 493 1006 Arcadium
519 952 552 1005 et
570 938 759 1006 Honorium
779 962 839 1031 per
860 961 964 1006 annos
980 936 1141 1033 digestam
1161 953 1196 1007 et

126 1055 170 1123 ad
192 1070 320 1125 certum
337 1071 526 1151 temporum
547 1056 697 1126 ordinem
719 1071 926 1143 revocatam,
947 1072 985 1126 ut
1005 1056 1135 1152 planior
1149 1058 1194 1126 le·

127 1177 222 1269 genti
239 1201 355 1246 sensus
374 1175 469 1245 foret.
491 1175 666 1270 Adjectum
687 1191 737 1245 est
756 1200 889 1271 quoque
914 1191 1052 1246 stemma
1075 1178 1196 1247 domus

128 1291 386 1381 Theodosianae,
402 1294 496 1388 cujus
518 1294 607 1389 apud
625 1297 787 1365 Nostrum
808 1310 968 1390 perpetua
986 1311 1035 1364 est
1057 1299 1195 1366 mentio.

182 1414 281 1485 Nune
307 1427 473 1508 superest,
489 1429 528 1483 ut
544 1413 718 1484 consilium
736 1415 827 1510 quod
846 1417 880 1484 in
898 1415 1002 1484 altero
1025 1416 1196 1486 volumine

131 1547 331 1626 sequuturas
350 1557 442 1620 sum,
456 1534 570 1627 paucis
590 1559 765 1628 exponam.
784 1536 862 1602 Post
876 1521 998 1604 editam
1018 1536 1068 1603 sui
1087 1538 1198 1629 operis

130 1648 300 1719 dimidiam
321 1666 471 1746 partem,
488 1655 629 1722 Koeutc
652 1677 745 1721 suam
766 1652 944 1722 editionem
961 1677 1113 1721 mancam
1135 1657 1197 1720 im-

130 1771 378 1865 perfectamque
402 1763 528 1865 (quam
556 1771 600 1838 ob
626 1795 759 1841 eausam
787 1770 911 1839 referre
932 1770 1024 1839 baud
1044 1763 1198 1866 possim)

66 1905 68 1908 ⁴
131 1890 174 1960 ad
196 1889 287 1959 hunc
308 1888 395 1958 diem
418 1888 557 1983 reliquit.
582 1890 724 1960 Proinde
751 1914 884 1959 necesse
910 1889 997 1975 fuit,
1018 1904 1057 1958 ut
1080 1915 1134 1958 me
1155 1890 1199 1957 ad

83 2095 86 2103 1
131 2010 260 2108 priores
281 2022 560 2085 commentatores
582 2022 834 2095 converterem,
860 2033 944 2102 quos
964 2010 1051 2076 inter
1075 1989 1201 2099 eminet

133 2133 322 2216 Gesnerus,
336 2142 407 2196 tum
426 2127 595 2212 doctrina,
609 2141 680 2196 tum
696 2142 794 2196 acuto
813 2151 959 2221 sanoque
976 2127 1101 2220 judicio
1120 2151 1202 2220 prae

132 2264 238 2320 stans:
237 2248 362 2358 ..binim
369 2248 495 2361 igilurx·
496 2231 765 2358 auriotaitfinibus
783 2262 817 2316 et
834 2246 1032 2315 editionibus
1050 2260 1143 2328 utar,
1162 2261 1201 2314 ut

132 2367 178 2437 illi
197 2391 292 2462 quast
282 2345 538 2433 lundatnento
547 2343 666 2476 ηὸἑῐέι*
662 2355 779 2438 labor
791 2419 800 2453 ,
813 2366 1014 2459 quicumque
1033 2366 1095 2452 sit,
1114 2367 1201 2432 inui-

132 2499 233 2556 tatur.
257 2472 337 2552 Nec
332 2454 433 2592 illeo-
437 2444 574 2553 allds
524 2460 658 2573 telisui
676 2483 904 2554 omittendos:
892 2509 1036 2580 ,nempe
1059 2486 1201 2553 interse-

132 2619 226 2675 retur
244 2630 392 2716 passui}
366 2602 537 2690 delectus
540 2612 589 2693 et
603 2607 773 2715 vpriorum
790 2606 895 2691 notis3
910 2630 972 2673 nec
986 2631 1055 2675 non
1068 2630 1108 2672 ex
1125 2630 1203 2674 meo

133 2843 268 2940 quando
286 2869 338 2912 res
353 2841 541 2938 postulabit
562 2843 653 2912 Idem
669 2846 837 2915 Gesnerus
857 2777 1060 2911 uberrimum
1079 2867 1201 2936 suppe-

133 2962 251 3031 ditabit
271 2961 431 3047 indicem‚
456 2963 513 3055 qui
535 2976 641 3030 totum
663 2987 747 3057 opus
769 2960 955 3031 concludet.
970 2963 1106 3030 Utinam
1130 2962 1202 3030 haec

134 3097 247 3152 nostra
273 3081 372 3150 editio
399 3106 417 3149 a
443 3080 621 3151 lectoribus
641 3083 782 3177 benigne
808 3082 1016 3175 excipiatur,
1043 3096 1203 3174 tanquam

56 3202 61 3214 ’
134 3228 203 3271 non
223 3200 357 3296 indigna
379 3227 452 3295 quae
472 3201 615 3276 classicae
632 3202 710 3270 huic
731 3200 867 3269 accedat
885 3197 1090 3284 collectioni,
1108 3200 1204 3292 cujus

16 3397 19 3403 ¹
134 3321 242 3390 editor
266 3320 450 3389 indefessus
474 3346 528 3389 me
557 3318 701 3390 consiliis
725 3335 759 3388 et
782 3342 885 3414 opera
905 3317 1053 3412 diligenti
1071 3342 1204 3411 semper

134 3440 275 3533 adjuvit,
292 3455 325 3508 et
347 3443 401 3509 cui
414 3441 482 3533 jam
503 3440 648 3534 undique
669 3438 842 3534 suffragati
857 3452 935 3507 sunt
949 3439 1149 3531 quicumque
1169 3462 1204 3506 se

134 3557 302 3640 literarum
314 3559 544 3663 bonarumque
554 3560 673 3628 artium
690 3559 853 3627 studiosos
867 3550 1081 3650 profitentur!
1094 3553 1194 3630 Vale..

865 3696 1041 3757 Anrauu.
