2686 4808
386 348 444 417 ru
471 349 548 416 cr.
578 296 958 416 cnaunriuun.
1160 350 1205 422 13
1284 409 1285 413 κ

128 471 230 560 lyrica
244 469 303 534 sed
319 468 409 558 epica
424 469 568 551 radone,
583 485 622 533 ut
636 467 824 532 Callimachi
840 468 972 555 hymni,
987 485 1025 532 ut
1038 469 1206 536 Theocriti

131 595 263 636 earrnen
289 570 331 634 ad
358 571 557 650 Hieronem,
585 569 743 634 Hieroclis
766 565 887 649 filium,
912 569 1064 633 ultimum
1091 571 1205 636 Siciliae

135 684 338 763 tyrannusn'.
353 672 503 736 Fortasse
520 670 617 734 etiam
635 669 670 733 in
692 668 938 733 recitationibus
956 686 1127 756 poetarum
1143 695 1204 759 pu·

136 774 241 855 blicis,
258 794 331 860 quae
347 771 381 835 in
397 770 484 835 ludis
504 769 645 858 Apollini
662 784 695 832 et
712 768 815 833 Musis
832 769 1032 834 Alexandriae
1049 772 1204 837 institutis

139 873 270 952 fiebant,
282 871 393 936 laudes
407 872 656 939 Ptolemaeorum
672 871 881 936 canebantur.
896 869 988 935 Idem
1001 871 1069 936 fere
1082 868 1204 938 facturn

140 990 180 1038 est
197 976 314 1038 Romae
336 972 399 1036 sub
413 974 592 1060 Augusto¹.
610 969 697 1035 Illud
714 986 823 1035 autem
837 992 958 1061 genus,
969 971 1011 1036 dc
1030 995 1099 1061 quo
1114 997 1204 1039 nunc

141 1076 279 1164 agimus,
294 1088 407 1137 ortum
421 1070 551 1137 videtur
566 1094 606 1135 ex
627 1072 831 1137 orationibus
848 1073 1065 1162 panegyricis,
1082 1075 1203 1161 quihus

141 1177 275 1264 primum
293 1173 443 1238 consules
465 1172 592 1237 suffecti
614 1194 654 1235 eo
675 1170 746 1253 die,
768 1194 837 1259 quo
853 1194 975 1236 munus
998 1172 1149 1256 adibant,
1168 1177 1202 1238 in

143 1293 247 1342 senatu
265 1274 414 1339 solebant
431 1272 681 1361 imperatoribus
702 1273 816 1361 gratias
840 1295 934 1362 agere
940 1273 963 1354 ³,
977 1272 1068 1360 quod
1084 1272 1203 1338 deinde

145 1379 229 1441 etiam
240 1378 283 1442 ab
296 1377 366 1440 aliis
379 1392 411 1441 et
422 1374 555 1439 diversis
570 1373 703 1461 quidem
718 1373 921 1464 temporibus
932 1367 1203 1462 essc'frequentass

147 1495 205 1543 tum
218 1479 429 1566 reperimust
441 1475 594 1564 Exempla
608 1489 793 1556 oratorum,
810 1475 950 1563 praemiis
971 1491 1004 1540 et
1020 1476 1202 1543 honoribus

148 1578 271 1642 obhanc
280 1600 351 1641 rern
360 1576 401 1640 ab
411 1576 662 1665 imperatoribus
672 1592 877 1657 ornatorum,
889 1577 992 1641 secuti
1000 1594 1079 1641 sunt
1087 1595 1201 1664 poetae,

149 1701 333 1765 omnemque
355 1693 457 1742 artem
480 1699 572 1740 suam
593 1676 702 1741 adres
721 1693 825 1765 gestas
842 1678 971 1740 illorum
996 1677 1202 1744 'celebrandas

151 1781 354 1844 contulerunt.
371 1779 414 1842 Et
429 1776 547 1865 cupide
562 1799 638 1841 sane
656 1775 922 1865 ingrediebantur
937 1777 1039 1859 viam,
1056 1801 1120 1865 qnia
1134 1780 1202 1842 sola

150 1878 261 1944 latranti
279 1879 448 1943 stomacho
475 1893 608 1965 possent
635 1899 839 1956 succurrere3
859 1899 934 1943 nam
955 1880 1061 1943 omnis
1083 1879 1201 1944 laboris

185 2104 204 2140 r.
220 2086 299 2158 Idyll.
311 2086 388 2139 XVI.
400 2086 424 2138 Δ
435 2084 560 2149 deorum,
573 2085 699 2144 heroum,
712 2096 880 2139 mortuorum
892 2085 1004 2156 insigni,
1017 2083 1082 2138 dum
1095 2087 1123 2140 in
1134 2087 1202 2142 vivis

152 2179 235 2232 ment,
252 2167 351 2219 virtute
362 2165 568 2236 conspicuorum
581 2161 794 2228 laudationibus,
808 2181 866 2233 quas
879 2164 957 2215 simul
972 2182 1033 2220 cum
1045 2163 1120 2236 'poesi
1133 2180 1200 2220 natae

153 2257 215 2312 suat,
232 2244 264 2299 ad
279 2246 355 2298 vivos
369 2244 449 2297 etiam
465 2241 599 2296 ornandos
611 2242 654 2295 vel
670 2242 827 2295 meritorum
841 2240 1009 2314 magnitudo,
1022 2244 1063 2296 vel
1074 2243 1202 2299 adulandi

153 2324 248 2394 opido,
262 2326 306 2378 sel
320 2322 453 2378 commodi
467 2323 576 2394 alicujus
590 2321 749 2394 exspectatio
764 2332 854 2392 poetas
869 2321 943 2374 facile
956 2319 1087 2375 deducere
1102 2327 1200 2395 potuit.

153 2400 195 2465 Qui
206 2424 284 2477 mum
299 2416 403 2457 mature
415 2402 616 2468 intellexissent,
634 2401 775 2453 hominum
790 2401 892 2454 animos
907 2401 1069 2455 carminibus
1086 2406 1199 2459 maxime

154 2483 212 2552 capi,
226 2503 308 2556 eaque
321 2483 455 2536 memorio
469 2481 603 2546 mandari,
617 2481 645 2533 in
657 2481 714 2534 otio
727 2493 754 2533 et
767 2479 872 2533 circulis
884 2481 968 2552 repeti
982 2494 1009 2535 et
1023 2481 1086 2536 filiis
1098 2503 1112 2535 a
1122 2487 1203 2556 patri·

155 2558 193 2613 hus
205 2564 268 2617 tradi
284 2564 384 2626 solere,
410 2563 438 2614 in
454 2562 572 2614 animum
585 2561 636 2614 sibi
648 2560 735 2614 statim
747 2558 924 2625 induxerunt,
937 2580 965 2613 se
977 2581 1032 2615 esse
1046 2563 1201 2618 immortali-

155 2641 201 2694 tatis
218 2644 342 2707 arbitros,
357 2660 436 2713 quarn
454 2639 551 2693 deinde
566 2639 638 2693 haud
654 2640 744 2711 paullo
760 2652 821 2711 post
838 2658 889 2710 pro
904 2641 999 2710 quovis
1011 2641 1106 2695 lucello
1118 2644 1200 2697 habe·

156 2717 206 2774 bant
214 2724 340 2776 venalem.
358 2721 515 2774 Communis
532 2718 639 2774 videtur
653 2720 760 2772 illorum
776 2719 925 2772 exhortatio
940 2721 1035 2786 luisse,
1051 2741 1102 2793 qua
1115 2724 1201 2779 utitur

155 2795 293 2856 Theocritus
307 2802 326 2855 l.
340 2821 363 2854 c.
381 2818 416 2869 ²9
432 2818 489 2872 sqq.

292 2932 415 2985 Μουσάων
432 2926 462 2982 tt
478 2930 588 3001 μάλιστα
603 2930 661 2982 τίειν
675 2929 743 2998 ispius
757 2929 899 2999 ὓποφῆτας,

292 3001 363 3081 (lpptt
376 3031 420 3075 κι,
435 3018 457 3062 κ’
471 3011 504 3063 tis
521 3005 596 3062 didos
611 3010 789 3079 κεκρυμμένος,
804 3010 885 3069 ἐσθλὸς
901 3009 1021 3074 ἀκούσης,

294 3086 365 3147 atst‘
377 3090 464 3150 ἀκλιὴς
479 3091 568 3160 pipant
582 3089 623 3141 hri
635 3088 716 3158 ψυχρῷ
729 3079 870 3158 Ᾰχίροντος.

156 3216 278 3277 Notissima
295 3241 402 3295 quoque
421 3234 460 3276 est
474 3219 617 3274 Simonidis
635 3239 681 3273 sen
699 3219 810 3273 historia
825 3239 872 3273 seu
885 3221 989 3285 sabula,
1005 3221 1061 3275 Cic.
1077 3221 1111 3275 dc
1123 3223 1198 3278 Orat.

155 3296 185 3365 ll,
196 3304 237 3356 86.
251 3304 292 3357 Cf.
304 3322 363 3374 quae
373 3301 463 3355 laudat
477 3301 569 3353 Harles
581 3298 615 3353 ad
626 3299 763 3353 Theocrit.
777 3301 796 3353 l.
810 3318 833 3352 c.
848 3301 885 3353 36
898 3314 924 3352 et
937 3307 982 3364 44.

188 3400 209 3434 a.
227 3383 283 3436 lloc
298 3382 424 3435 discimus
438 3400 470 3434 ex
483 3380 591 3436 Sueton.
608 3381 719 3450 August.
736 3380 783 3448 89.
799 3379 916 3450 Componi
929 3391 1006 3430 tamen
1018 3382 1112 3454 nli'qut'd
1119 3384 1150 3434 de
1159 3405 1196 3448 se,

153 3460 192 3509 nisi
202 3475 223 3512 et
237 3468 298 3516 serio
310 3475 335 3513 ct
348 3482 365 3513 a
375 3464 595 3533 praestantissimis,
618 3459 785 3527 offindebatur
792 3480 802 3520 ,·
823 3459 1008 3530 admonebatque
1024 3474 1154 3531 praetores,
1170 3485 1199 3516 ne

150 3551 271 3606 mannen
287 3561 371 3594 nomen
386 3559 453 3594 suum
468 3540 666 3592 commissionibus
679 3534 881 3601 (certaminibus
897 3539 1018 3592 oratoriis
1034 3554 1060 3592 et
1071 3542 1197 3612 poeticis)

152 3617 284 3768 ‘'⁶⁸3‘on
301 3718 442 3772 exgenere
461 3699 541 3753 Plinii
557 3698 732 3771 panegyricus
747 3710 793 3751 est
816 3697 858 3751 Cf.
878 3697 956 3750 Saleii
975 3699 1047 3754 Bassi
1065 3719 1147 3754 carm.
1170 3704 1199 3756 in

148 3777 226 3834 Pison.
247 3801 284 3853 7⁰
304 3800 343 3853 sq.
366 3780 440 3833 Poet.
458 3780 503 3833 lat.
520 3778 586 3831 min.
600 3776 642 3830 ed.
660 3775 839 3857 Wernsdfl'.
854 3778 904 3843 IV,
919 3778 949 3831 P.
964 3778 993 3842 Ι,
1008 3797 1067 3851 pag.
1086 3782 1158 3848 2503
1174 3798 1200 3836 et

147 3857 229 3930 lltyne
247 3863 274 3914 in
292 3854 521 3914 commentatione
535 3858 641 3929 priore,
657 3876 715 3927 quae
728 3857 880 3911 inscribitur
895 3859 1011 3912 Censura
1023 3860 1085 3914 ΧΠ.
1102 3863 1197 3933 Paneg.

148 3938 262 4082 velir'Ut
273 4019 366 4072 diebus
383 4020 569 4090 imperatorum
581 4017 719 4069 natalibus.
735 4017 830 4085 Pancg.
846 4018 907 4069 Vet.
915 3994 943 4083 1,
960 4037 983 4074 1.
998 4023 1028 4080 4;
1042 4033 1067 4072 et
1080 4021 1116 4085 11,
1134 4042 1158 4086 r,
1175 4040 1198 4074 r.
