2686 4808
70 358 622 387 mmmmm-mmmmm
627 358 1051 384 mmmmmm
1057 361 1095 382 m
1102 365 1145 384 m

248 630 972 759 PROLEGOMENA

585 905 638 968 IN

100 1140 266 1297 CL.
308 1136 1115 1327 CLAUDIANUM,

69 1466 119 1531 In
131 1458 254 1555 quibru
269 1457 314 1528 de
330 1456 405 1549 ejus
417 1460 509 1540 uita,
524 1459 711 1571 carmupun
723 1453 916 1548 generibus,
936 1479 1045 1550 eoque
1057 1458 1147 1551 qiud

127 1584 164 1647 in
175 1577 320 1671 ungulis
322 1579 519 1671 praestitum
530 1579 591 1660 sit,
610 1571 835 1642 describenda·
847 1596 973 1666 genere
988 1581 1143 1645 universo

126 1720 195 1790 quo
207 1718 289 1763 usus
298 1708 362 1779 est,
375 1691 419 1762 de
421 1692 522 1784 fratri
532 1715 613 1786 quoe
624 1705 733 1761 tracta
749 1707 830 1760 sunt
845 1698 1016 1779 aaronita,
1038 1700 1145 1789 zi'sque

127 1820 213 1884 criu
223 1813 346 1898 doctri,
361 1811 494 1906 quiilla
506 1810 653 1895 edenda,
670 1809 880 1903 castiganda
889 1826 924 1879 et
932 1813 1145 1907 emplicnnda

126 1944 348 2015 cenaverzmt,
369 1928 575 2024 dz'sprctatur.

462 2135 749 2165 -Φ-

326 2315 396 2381 DE
423 2312 546 2379 VITA
575 2311 890 2381 CLAUDIANI.

72 2501 190 2602 Fano
212 2527 329 2595 accidit
353 2527 429 2591 satis
452 2525 583 2612 iniquo,
607 2541 645 2587 ut
665 2525 827 2608 virorum,
850 2550 992 2615 quorum
1014 2537 1140 2625 scriptis

70 2632 181 2697 adhuc
192 2630 406 2708 delectamur,
416 2627 515 2688 vitam
529 2640 562 2688 ct
575 2624 720 2688 fortunas
732 2627 927 2715 plerumque
936 2630 1140 2721 ignoremus,

71 2754 280 2821 quanquam,
292 2724 570 2817 quemadmodum
589 2726 688 2802 iniis,
703 2748 786 2813 quoa
796 2729 848 2791 vel
859 2752 970 2797 amore
981 2738 1033 2800 vel
1045 2761 1141 2806 vene·

72 2835 199 2898 ratione
223 2827 486 2918 complectimur,
511 2826 635 2902 omnia,
654 2849 859 2916 quaecunque
882 2830 924 2895 ad
944 2833 1017 2900 illos
1039 2841 1142 2926 perti-

72 2952 189 3016 neant,
208 2954 277 2997 non
300 2931 435 2994 alienaa
453 2926 548 2991 nobis
567 2925 717 2992 ducimus
739 2928 889 3018 scireque
907 2932 1138 3007 desideramus.

73 3033 187 3119 Quid?
200 3031 291 3122 quod
304 3029 448 3120 cognitio
465 3029 638 3116 temporis,
652 3052 720 3117 quo
733 3030 848 3097 vixerit
861 3033 975 3122 aliquis
988 3042 1138 3130 scriptor,

71 3138 239 3216 locorum,
256 3132 314 3196 ubi
335 3132 377 3195 sit
391 3145 555 3210 versatus,
572 3128 764 3218 disciplinae,
783 3154 847 3219 qua
859 3156 878 3196 a
891 3139 1009 3202 teneris
1030 3142 1139 3212 imbu-

72 3253 141 3317 tus,
159 3236 321 3316 virorum,
338 3253 480 3320 quorum
499 3230 711 3295 familiaritate
729 3249 762 3296 et
784 3238 1023 3305 consuetudine
1041 3267 1138 3330 usus,

71 3339 145 3401 vitae
165 3336 308 3424 denique
332 3333 439 3398 omnis
465 3332 596 3420 privatae
611 3347 643 3396 et
658 3333 810 3420 publicae,
826 3341 1003 3404 neccssaria
1026 3363 1075 3410 cst
1097 3348 1138 3412 nd

71 3455 160 3502 recte
170 3436 210 3501 de
219 3435 394 3500 virtutibus
404 3433 472 3514 ejus
481 3433 603 3496 etvitiis
611 3455 791 3521 eorumque
801 3437 905 3502 causis
912 3439 1138 3520 judicandum.

73 3541 243 3622 Quorum,
255 3538 281 3602 si
302 3534 466 3600 memoriae
480 3533 609 3622 prodita
620 3556 687 3597 non
701 3536 968 3617 sunt,desiderio
980 3543 1064 3610 affici
1085 3573 1140 3615 50.

70 3641 176 3704 lemus
187 3653 278 3701 tanto
289 3635 549 3716 vehementiore,
569 3651 693 3722 quanto
706 3636 808 3716 major
826 3654 874 3703 est
897 3642 1040 3728 utilitas,
1067 3675 1139 3739 quae

70 3760 112 3806 ex
125 3742 258 3805 illorum
272 3737 458 3828 cognitione
474 3736 545 3824 capi
563 3735 730 3824 potuisset.

115 3842 184 3906 Nec
195 3839 393 3905 Claudianus
409 3858 617 3902 communem
634 3837 700 3901 fere
716 3839 911 3927 scriptorum
927 3846 1139 3935 antiquorum

70 3959 192 4008 sortem
210 3942 344 4029 elingit3
362 3939 472 4027 paucis
489 3954 634 4019 tantum,
652 3961 723 4026 quae
740 3942 875 4027 patriam
890 3945 1054 4037 vitamque
1071 3954 1139 4032 ejus

122 4065 152 4128 Ι.
827 4086 949 4128 ,ι
