2686 4808
338 408 348 415 -
387 384 443 450 m
471 340 553 450 cn
575 380 951 448 cnsunmnnn.
1116 408 1189 459 ‚21

127 502 266 569 nodum
282 501 476 583 honorifica,
495 500 622 564 virtutis
640 515 673 564 et
689 499 854 589 sapientia·
870 499 1051 588 splendore,
1060 500 1197 565 dicendo

134 601 289 687 induerit,
306 620 339 669 et
361 602 489 668 easdem
508 624 591 690 saepe
607 624 657 665 res
685 617 805 689 quanta
827 602 980 666 varietate
1004 603 1198 690 exposuerit.
1227 669 1229 677 ,

141 702 235 785 Cujus
247 704 293 769 rei
306 705 452 793 exempla
463 704 663 791 inpromptu
676 719 789 784 erunt,
803 703 1001 766 carminibus
1015 703 1050 766 in
1064 704 1197 768 tertium

145 818 171 867 et
189 824 341 895 quartum
364 805 501 871 Honorii
528 804 734 871 consulatum
759 803 844 867 inter
866 826 900 867 se
924 804 1147 893 comparatis,
1167 821 1199 868 et

148 925 232 991 quam
256 907 402 973 studiose
426 904 529 970 laudis
553 922 584 968 et
607 904 833 969 ostentationis
858 900 1025 968 materiam
1051 905 1200 993 undique

149 1006 311 1099 collegerit,
325 1007 487 1097 specimen
499 1005 704 1069 luculentum
720 1026 850 1068 carmen
862 1003 896 1066 in
910 1020 1037 1068 sextum
1053 1003 1199 1084 ejusdem

150 1110 336 1173 consulatum
354 1105 585 1195 suppeditabit.
605 1107 767 1169 Caeterum
784 1104 825 1167 ad
844 1120 969 1169 rectum
992 1104 1034 1169 de
1050 1121 1120 1169 toto
1137 1105 1200 1169 hoc

152 1208 314 1271 uminum
337 1228 455 1297 genere
470 1205 631 1286 judicium
657 1204 847 1287 ferendum,
865 1205 929 1269 hoc
953 1205 988 1269 in
1011 1207 1200 1271 universnm

152 1308 312 1374 tenendum
328 1324 387 1373 est
406 1308 521 1373 Omnis
536 1306 691 1372 laudandi
707 1307 806 1383 ratio,
826 1329 897 1393 quae
914 1306 1047 1393 quidem
1064 1329 1131 1371 non
1146 1331 1200 1371 so·

152 1403 208 1471 lnrn
220 1410 247 1473 ei
262 1410 319 1497 qui
335 1407 502 1489 laudatur,
517 1407 574 1472 sed
590 1407 686 1471 etiam
701 1407 769 1471 aliis
778 1408 834 1495 qui
844 1408 975 1496 legunt,
987 1407 1200 1489 velaudiunt,

153 1504 275 1592 placeat,
294 1533 361 1574 non
377 1509 477 1599 magis
496 1509 537 1572 ab
554 1507 750 1599 imaginandi
767 1509 797 1570 vi
816 1524 848 1572 et
864 1508 1033 1572 Musarum
1051 1509 1200 1593 dotibus,

154 1624 233 1691 marn
249 1632 268 1675 a
285 1632 386 1674 sensu
407 1607 550 1697 quodam
567 1610 745 1696 exquisito,
762 1624 795 1672 et
807 1607 930 1687 judicio
946 1627 1049 1698 poetae
1066 1610 1201 1676 subacto

154 1708 270 1791 pendet,
298 1725 339 1774 ut
365 1710 542 1799 intelligat,
568 1732 634 1797 quo
662 1711 736 1797 quis
759 1711 897 1774 maxime
918 1734 957 1774 ex
981 1711 1150 1799 suiipsius
1169 1729 1201 1776 et
1257 1708 1261 1719 ’

154 1806 223 1898 tulgi
246 1810 401 1899 opinione
425 1827 576 1887 ornetur,
595 1827 627 1874 et
652 1810 730 1897 quid
756 1811 825 1887 alii,
850 1834 952 1899 quum
978 1811 1128 1895 audiant,
1149 1814 1200 1878 vel

155 1903 228 1973 inriti
245 1912 405 1999 probent,
428 1934 486 1974 seu
510 1914 556 1975 rei
574 1912 708 1975 veritate
733 1910 881 1993 adducti,
898 1935 956 1975 seu
974 1913 1150 1977 verborum
1168 1931 1200 1978 et

155 2012 367 2074 mutandarum
399 2012 567 2076 lenociniis
600 2011 753 2076 invidiam
791 2012 1024 2101 mitigantibus.
1059 2014 1199 2102 Oportet

156 2106 224 2173 enim
237 2133 384 2191 carmen,
396 2134 463 2199 quo
478 2111 590 2175 laudes
607 2112 742 2192 alicujus
758 2113 977 2196 celebrantur,
995 2130 1033 2177 ut
1048 2131 1150 2180 statua
1166 2118 1199 2179 in

155 2202 294 2275 honorem
311 2212 433 2300 posita,
452 2234 645 2299 summaque
661 2228 730 2275 arte
749 2213 905 2299 expolita,
922 2213 1070 2277 omnium
1089 2217 1200 2281 oculos

187 2459 206 2497 1.
216 2447 273 2499 Iam
283 2448 311 2499 in
322 2447 439 2500 carmine
449 2448 504 2500 VH
517 2465 623 2500 omnem
634 2445 760 2500 laudandi
775 2445 913 2500 materiam
925 2450 1116 2519 consumpsisse
1128 2449 1201 2504 vide·

156 2529 200 2590 lor,
212 2525 256 2578 sed
271 2526 301 2579 in
316 2527 385 2578 VIII
397 2525 502 2579 easdem
521 2527 600 2598 plane
621 2546 664 2580 res
682 2528 785 2597 profert
807 2528 858 2591 ita,
879 2539 909 2580 ut
930 2527 1057 2581 variando
1076 2530 1201 2584 novitatis

153 2604 244 2665 mrim
254 2606 307 2658 illis
318 2619 464 2659 conservet.
474 2607 508 2658 Iu
519 2619 633 2677 utroque
646 2605 751 2659 orditur
764 2626 778 2659 a
789 2625 888 2678 pompa
901 2608 1033 2660 consulari
1043 2606 1126 2671 (VII,
1141 2616 1199 2665 1·6.

155 2676 219 2749 VIII,
238 2676 338 2755 1·17).
354 2687 385 2737 In
401 2686 448 2740 illo
463 2698 565 2739 tantum
584 2684 733 2749 indicatur,
749 2686 897 2738 Honorinm
915 2705 970 2738 esse
981 2687 1199 2760 porphyrogene-

154 2768 210 2829 tum
223 2765 252 2816 in
266 2764 319 2817 hoc
332 2782 417 2835 genus
431 2766 487 2835 ejus
502 2765 666 2832 celebratur,
682 2779 708 2819 et
721 2784 763 2817 res
777 2766 818 2819 avi
834 2765 984 2836 patrisque,
998 2767 1041 2819 cui
1057 2770 1152 2821 servati
1169 2772 1202 2822 ab

156 2834 246 2895 interitu
261 2843 367 2914 imperii
382 2842 464 2896 decos
478 2845 637 2914 assignatur,
653 2848 780 2915 cujusque
798 2846 936 2897 clementia
953 2846 982 2896 in
997 2847 1082 2899 victos
1094 2850 1200 2902 extolli·

156 2926 201 2985 tu,
212 2921 308 2976 debitis
321 2922 444 2976 laudibus
466 2937 596 2976 ornantur
608 2920 692 2988 (VII,
707 2930 789 2994 744.
806 2926 878 2979 VIII.
895 2922 1030 2988 its-120).
1044 2927 1077 2978 In
1088 2943 1201 2999 utroque

154 2998 306 3054 oelebrantnr
322 3003 421 3055 natales
439 3003 561 3056 Honorii.
577 3004 662 3056 Porro
677 3022 813 3073 compares
828 3005 899 3070 Vll,
920 3006 1018 3057 15-21
1037 3025 1097 3058 cum
1117 3009 1201 3075 VIII,

155 3081 290 3147 ¹21·155;
304 3100 396 3135 rursus
410 3083 477 3148 VII,
495 3083 595 3136 52-58
610 3102 672 3136 cnm
686 3084 767 3147 Vlll,
784 3089 895 3148 aquic,
911 3096 937 3135 et
951 3084 1018 3148 VH,
1032 3086 1068 3139 83
1082 3106 1121 3157 sq.
1137 3106 1199 3141 cum

152 3152 221 3226 Vlll,
239 3164 314 3228 169-
325 3181 389 3215 aon.
402 3161 521 3232 Pugnant
533 3181 594 3213 cum
608 3163 727 3233 Eugcuio
740 3163 770 3213 in
783 3162 867 3232 priori
883 3159 965 3227 (Vll,
982 3163 1111 3231 ily-roo)
1124 3186 1202 3219 orna.

152 3234 192 3289 lias
208 3242 261 3311 jam
285 3242 430 3305 extulerat,
455 3259 535 3311 quam
556 3254 586 3293 ut
610 3261 667 3294 eam
690 3241 717 3293 in
739 3242 880 3312 posteriori
902 3244 1030 3313 potuisset
1048 3257 1198 3302 retractare.

151 3312 198 3369 Pari
210 3319 312 3372 ratione
328 3337 374 3384 ea,
387 3339 446 3391 quas
459 3322 486 3372 in
498 3320 544 3371 illo
563 3317 652 3383 (VII,
670 3341 703 3374 aa
715 3350 726 3362 ·
736 3319 790 3385 50)
810 3340 913 3373 summo
933 3322 1074 3393 splendore
1090 3342 1199 3379 exorna·

149 3409 222 3464 teat,
235 3400 263 3453 in
278 3400 330 3451 boc
343 3401 421 3470 plane
433 3400 530 3453 omisit.
548 3401 580 3451 ln
593 3400 640 3452 illo
653 3401 826 3452 institutionis
840 3399 948 3471 quidem
967 3401 1080 3454 llonorii
1099 3410 1199 3460 mentio

148 3472 184 3543 fit,
201 3477 228 3530 in
247 3479 300 3532 boc
318 3477 374 3530 dea
391 3479 455 3550 ipsu
469 3497 532 3532 cum
546 3498 630 3551 puero
646 3478 758 3543 ludunt,
773 3481 858 3544 VIII,
877 3484 929 3533 160
940 3486 1025 3544 -164,
1043 3485 1197 3555 Comparari

147 3554 212 3609 etlam
227 3570 338 3629 possum
352 3559 423 3622 VII,
439 3560 472 3612 51
484 3563 558 3624 ·6a‚
574 3571 601 3611 et
616 3559 700 3626 VIII,
718 3564 792 3619 ²14·
803 3561 868 3627 395.
887 3560 1004 3612 Consilio
1021 3575 1104 3632 poetae
1116 3566 1197 3619 vehe-

145 3649 235 3689 menter
248 3636 444 3692 aecommodata
458 3651 497 3691 est
508 3639 645 3692 conversio
657 3639 794 3708 repentina
809 3637 844 3692 ad
857 3638 1040 3692 Theodosium
1056 3643 1084 3695 in
1096 3645 1196 3698 stellam

145 3727 280 3778 mamm,
296 3718 384 3782 VIII,
400 3720 455 3780 428
473 3737 529 3789 sqq.
550 3730 579 3769 ut
594 3717 702 3787 aspiciat
722 3736 800 3787 quam
819 3719 943 3789 pulchros
959 3720 1061 3773 fructus
1077 3723 1197 3795 illaprae.

140 3797 220 3866 ceptio
232 3797 333 3850 tulerit.
352 3798 449 3867 Longas
462 3798 532 3849 enim
546 3796 748 3861 admonitionis,
763 3816 915 3869 quanquam
928 3798 1109 3865 dissimulata,
1123 3804 1196 3858 fasti·

138 3872 208 3928 dium
219 3875 344 3929 laudibus
355 3888 456 3929 tantum
467 3888 571 3947 poterat
582 3877 707 3947 mitigari.
720 3877 850 3947 simulque
865 3880 1030 3931 occasionem
1047 3880 1110 3934 inde
1125 3903 1196 3935 snm-

134 3955 185 4025 psit
197 3956 270 4009 illius
283 3954 374 4009 landes
388 3976 448 4010 cum
461 3955 584 4008 laudibus
597 3956 750 4008 Stilichonis
767 3958 954 4028 conjungendi.
967 3958 1018 4012 sed
1033 3961 1141 4031 longum
1158 3977 1197 4016 est

132 4036 232 4107 singula
246 4036 373 4107 prosequi
388 4055 447 4106 quae
462 4049 601 4107 utramque
615 4037 738 4108 paginam
753 4038 860 4089 faciunt.

973 4120 1014 4199 2³¹
