2686 4808
73 360 77 371 '
145 408 190 451 22
462 384 879 453 Paotoeounrt

141 527 216 568 cum
229 506 393 594 voluptate
408 527 474 569 non
488 505 593 569 solum
607 505 640 567 in
653 526 687 569 se
697 521 902 585 convertere,
916 527 1030 569 verum
1040 504 1140 570 etiam
1150 505 1210 587 ju·

139 604 245 669 eunde
261 605 423 687 detinere;
440 628 506 693 quo
520 605 755 693 frequentiores
771 605 858 669 enim
872 607 1008 671 lectores
1024 606 1210 689 invenerit,

139 728 178 769 eo
190 707 292 787 majus
304 723 337 771 et
348 707 523 794 perennius
539 706 600 769 crit
610 702 715 770 laudis
728 723 992 773 monumentum.
1003 706 1095 772 Nihil
1104 708 1210 797 igitur

137 808 172 871 in
185 830 224 873 eo
234 808 331 872 debet
343 807 534 890 desiderari,
547 807 637 895 quod
649 809 683 871 in
697 809 839 872 carmine
848 809 1037 896 politissima
1047 825 1117 875 arte
1126 832 1208 898 per-

137 912 223 973 secto
232 910 352 997 requiri
361 910 453 991 solet,
463 925 501 972 ut
509 910 610 973 lector
619 909 725 996 operis
734 909 917 996 praestantia
925 924 1110 974 commotus
1118 930 1210 975 sum·

138 1032 191 1072 ma
198 1011 364 1097 voluptate
372 1012 566 1097 perfruatur,
575 1012 684 1097 itaque
691 1008 863 1074 duloedine
869 1026 981 1097 <aphes
991 1026 1208 1093 teneatur,ut

138 1110 248 1175 nullus
261 1113 294 1176 in
307 1110 364 1176 illo
375 1110 502 1176 invidiae
514 1133 626 1176 sensus
642 1111 736 1192 oriri,
751 1132 812 1175 nee
823 1111 891 1198 ipse
904 1110 945 1175 ad
958 1110 1102 1176 historiae
1113 1112 1207 1178 veri·

137 1214 275 1300 tatisque
288 1214 426 1279 ealctdos
443 1213 546 1300 possit
561 1213 746 1302 confugere.
765 1210 865 1295 Quod
878 1227 916 1276 ut
930 1209 999 1275 fieri
1012 1212 1131 1300 possit,
1149 1234 1208 1302 ge-

137 1314 258 1378 nuinus
264 1331 297 1379 et
305 1315 677 1379 sincerusanimisensus
686 1314 719 1377 in
730 1336 769 1378 eo
778 1314 886 1401 spiret,
897 1329 1206 1401 neoeueesqquem

137 1414 214 1476 artis
222 1413 432 1497 ostentandae,
443 1431 476 1478 et
484 1415 782 1479 ornatuslaboriose
790 1414 916 1501 quaesiti
922 1415 1063 1503 suspicio
1071 1437 1140 1479 non
1147 1416 1208 1480 mi·

137 1536 200 1577 nus
210 1516 385 1605 refrigerat,
393 1538 491 1603 quam
503 1514 667 1580 commodi
674 1516 808 1595 alicujus
814 1532 871 1580 aut
880 1516 1014 1611 accepti,
1022 1531 1080 1580 aut
1090 1538 1208 1607 exspe-

135 1615 222 1680 ctati.
235 1616 373 1682 Subesse
384 1617 480 1680 etiam
493 1616 591 1681 debet
601 1617 651 1681 vel
661 1639 737 1680 vera
746 1633 778 1680 et
786 1616 873 1696 justa
885 1616 1038 1681 laudandi
1050 1618 1206 1698 materia,

135 1716 186 1778 vel
202 1716 313 1781 saltem
330 1740 382 1801 ea,
400 1741 472 1806 quae
486 1719 593 1806 aliqua
607 1741 645 1782 ex
660 1734 752 1806 parte
768 1718 911 1806 speciose
925 1718 1027 1807 possit
1038 1740 1209 1785 commen·

135 1813 220 1897 dari,
234 1833 267 1880 et
284 1817 334 1881 vel
348 1819 460 1883 leviter
478 1834 608 1883 tractata
628 1819 766 1882 naturali
781 1819 909 1908 fulgore
926 1819 1205 1907 exsplendescere.

135 1916 253 1982 Errant
263 1942 411 2008 quoque,
423 1922 478 2006 qui
489 1920 702 2001 arbitrantur,
714 1935 872 2007 praecepta
886 1920 919 1983 in
933 1919 1018 1982 hane
1028 1942 1097 1983 rem
1107 1942 1207 2008 posse

135 2040 153 2081 a
164 2020 348 2085 rhetoribus
360 2022 441 2109 peti;
450 2044 553 2108 quum
563 2022 677 2101 oratio,
686 2037 723 2083 ut
732 2022 831 2085 semel
838 2021 997 2103 audiatur,
1004 2042 1208 2110 componen-

135 2120 240 2204 desit,
252 2146 380 2186 carmen
392 2122 535 2210 repetitae
543 2122 675 2186 lectioni
684 2121 734 2184 vel
742 2120 902 2184 auditioni
911 2120 1130 2187 scribendum.
1142 2122 1207 2188 Ne·

134 2246 199 2310 que
215 2223 393 2312 quidquam
409 2224 511 2311 magis
529 2222 707 2287 Claudiano
725 2221 832 2287 fraudi
853 2222 952 2285 fuisse
974 2223 1206 2311 unusquisque

134 2324 298 2403 fatebitur,
306 2347 402 2410 quam
412 2324 515 2387 forma
525 2325 590 2410 ipsa
602 2324 783 2387 carminum
792 2346 809 2386 a
816 2325 956 2410 poetices
966 2339 1080 2386 natura
1086 2324 1207 2413 utique

134 2422 253 2505 aliena5
272 2422 361 2486 unde
380 2441 492 2486 natum
508 2440 558 2487 est
573 2423 713 2509 aliquid,
724 2423 813 2510 quod
829 2425 943 2488 nrixtas
955 2424 1092 2488 virtutes
1102 2424 1206 2493 habet

134 2540 167 2586 et
183 2525 358 2588 rhetorices
371 2540 403 2588 et
416 2546 568 2611 poeseos,
584 2524 758 2611 locumque
774 2524 900 2588 obtinet
916 2526 1002 2588 inter
1019 2525 1205 2592 orationem

134 2640 232 2713 atque
248 2648 395 2708 carmen,
415 2626 507 2706 cujus
523 2626 605 2689 ratio
618 2620 759 2713 'hybrida
775 2648 814 2689 eo
835 2642 981 2714 tempore
997 2640 1126 2689 tanturn
1141 2650 1205 2715 po·

134 2744 216 2793 terat
244 2728 388 2816 placere,
411 2752 478 2816 quo
500 2750 614 2792 sensus
639 2719 766 2815 pulchri
788 2727 965 2814 exquisitus
989 2742 1022 2790 et
1044 2749 1205 2813 perversae

135 2828 381 2919 magnificentiae
391 2830 512 2909 studio,
530 2845 562 2892 et
577 2827 790 2919 exaggerandi
798 2826 938 2890 audaciae
953 2826 1059 2890 cessit.
1076 2826 1204 2893 Proba·

133 2931 198 2995 bile
210 2954 342 3020 quoque
355 2949 419 3013 est,
434 2930 650 2995 Claudianum
665 2952 731 2993 non
744 2928 844 2992 animi
855 2927 1024 2991 voluntate
1035 2940 1068 2989 et
1075 2924 1205 3007 judicio

133 3035 218 3098 hane
231 3034 368 3097 formam
381 3033 529 3122 elegisse,
541 3031 597 3096 sed
609 3028 846 3096 consuetudine
857 3043 888 3091 et
901 3050 992 3091 more
1002 3026 1102 3091 semel
1112 3048 1205 3094 reee-

133 3150 190 3223 pto
200 3132 241 3198 ad
251 3135 337 3199 illam
355 3156 424 3198 esse
438 3133 591 3198 delatum.
604 3134 694 3196 Inter
706 3154 820 3195 omnes
832 3146 961 3217 poetas,
973 3129 1030 3217 qui
1045 3127 1204 3196 laudandi

132 3252 238 3323 partes
254 3252 484 3323 susceperunt,
499 3236 640 3323 primum
659 3255 735 3297 sane
757 3234 866 3296 locum
883 3231 1011 3295 obtinet
1028 3231 1203 3316 Horatius,

133 3358 240 3423 neque
256 3339 323 3400 l'ere
341 3336 513 3424 quisquam
532 3350 597 3416 est,
617 3334 674 3422 qui
697 3332 816 3412 majore
839 3354 913 3395 cum
938 3331 1094 3421 dignitate
1111 3332 1207 3401 illam

132 3439 329 3525 provinciam
339 3438 540 3502 sustinuerit.
548 3434 611 3500 Sed
624 3436 775 3515 rationes,
786 3434 905 3521 quibus
914 3456 992 3497 usus
1000 3449 1058 3514 est,
1067 3434 1204 3524 ingenio

132 3538 509 3620 limatissim0,etjudicii
519 3561 699 3624 sensusque
715 3537 891 3600 subtilitate
904 3558 944 3599 ex
962 3534 1204 3603 consuetudine

131 3641 278 3704 virorum
309 3641 622 3728 elegantissimorum
655 3653 819 3701 contracta
849 3636 1045 3725 dignissimis
1059 3648 1081 3718 ¹,
1109 3636 1203 3703 haud

176 3836 199 3871 r.
221 3818 262 3870 Ad
273 3817 434 3888 exquisitam
451 3815 576 3869 laudandi
591 3816 736 3879 rationem,
752 3835 803 3886 qua
821 3814 946 3866 Horatius
966 3814 1067 3876 utitur,
1084 3814 1204 3867 referen-

131 3898 197 3951 dum
215 3916 277 3951 sane
296 3910 351 3961 est,
367 3898 500 3967 primum,
520 3894 608 3967 quod,
626 3894 692 3947 dum
715 3897 764 3948 alia
784 3914 813 3947 re
832 3905 973 3965 occupatus
994 3891 1130 3951 videatur,
1150 3912 1202 3949 nec

131 3979 241 4049 opinato
259 3976 387 4048 quidem,
407 3975 453 4029 sed
475 3988 561 4029 tornea
585 3974 697 4028 naturali
720 3994 809 4028 rerum
831 3974 898 4026 serie
922 3972 955 4026 ad
976 3973 1086 4044 Augusti
1107 3971 1203 4028 laudes

131 4057 252 4121 ducitur;
267 4059 393 4119 alterum,
408 4054 480 4125 qaod
500 4056 527 4107 in
539 4056 648 4124 Augusti
664 4054 784 4109 laudibus
798 4074 811 4106 a
827 4074 854 4106 re
869 4054 954 4123 aliqua
968 4050 1117 4125 splendida,
1127 4054 1200 4125 ejus·
