2686 4808
339 382 656 456 TESTIMONIA
683 382 746 452 ET
773 382 989 494 lUlllClA.
1160 407 1199 454 ιι

130 541 262 606 versus,
283 541 366 611 quos
391 516 433 586 de
461 515 587 588 balneis
613 517 722 611 Aponi
750 515 948 609 composuit.
979 516 1091 608 Opera
1116 513 1202 585 illius

131 625 205 694 satis
226 636 308 693 nota
327 637 431 693 sunt:
451 622 508 692 sed
530 622 733 718 praecipuam
759 618 890 689 laudern
913 616 994 706 sibi,
1018 618 1201 690 inultorum

128 730 271 824 judicio,
288 729 435 800 vindicat
457 731 509 799 his
532 729 756 817 carminibus,
777 728 897 822 quibus
922 726 1091 822 principes
1112 728 1202 796 viros

132 838 266 907 summis
284 834 547 907 Laudationibus
571 860 630 906 seu
645 828 856 929 Panegyricis
877 832 1024 903 extulit..
1042 881 1051 898 .
1068 835 1202 927 nlugu·

132 943 235 1013 stinus
252 957 287 1013 et
304 940 358 1012 alii
374 945 514 1013 Veteres
534 941 715 1038 plurimum
734 939 1013 1012 commendarunt
1031 940 1202 1034 ingenium

132 1064 227 1144 atque
246 1048 466 1119 eruditionem
484 1047 700 1118 Claudiani».

544 1253 573 1319 J.
593 1248 784 1320 Vedianas.

187 1444 290 1510 «lam
315 1442 445 1536 Raptus
469 1444 675 1537 Proserpinae
704 1442 787 1511 adeo
816 1441 1000 1536 insignibus
1019 1441 1202 1527 montium,

135 1547 289 1632 urbium,
308 1546 460 1634 lacuum,
480 1550 627 1618 amnium
658 1547 740 1619 locis
765 1547 907 1617 refertus
935 1561 1002 1632 est,
1029 1561 1068 1615 ut
1088 1547 1202 1643 piacu-

135 1650 199 1724 lum
223 1652 305 1728 mihi
326 1652 495 1739 videatur,
513 1657 541 1724 si
561 1657 634 1750 quis
656 1653 877 1750 Geographiae
899 1679 1017 1749 expers
1038 1667 1107 1722 tam
1125 1676 1204 1722 eru·

137 1758 240 1829 ditum
264 1761 386 1830 Poema
407 1761 566 1856 attingat,
582 1761 706 1830 nedum
728 1760 879 1846 evolvat,
900 1760 1115 1856 profiteatur.
1132 1806 1141 1824 .
1159 1806 1195 1824 ..

136 1891 229 1959 quern
253 1864 379 1952 aliurn,
405 1891 505 1963 quam
524 1866 783 1962 Geographum,
804 1865 1022 1936 Claudianum
1055 1863 1205 1935 dixeris?

135 1973 278 2042 Transeo
294 1975 445 2043 encomia
459 1975 494 2042 in
509 1972 745 2059 Stilichonem,
759 1974 804 2043 ob
819 1972 884 2042 hoc
899 1974 1042 2042 maxime
1057 1971 1203 2057 erudita,

135 2078 221 2171 quod
240 2077 320 2149 locis
334 2080 557 2175 Geographiae
575 2079 777 2174 explicandis
798 2080 918 2149 referta
937 2093 1024 2147 suut.
1040 2108 1057 2143 >2

464 2285 600 2350 Zazr'us
620 2282 884 2351 Jureconsaltm.

188 2477 329 2564 «Quam
352 2491 458 2545 totam
482 2500 551 2546 rem
575 2475 778 2546 Claudianus
800 2476 842 2544 ad
864 2477 1052 2546 Honorium
1073 2474 1204 2570 elegan-

136 2582 278 2666 tissimo,
294 2583 397 2650 immo
411 2607 531 2669 aureo,
542 2585 689 2652 carmine
703 2581 896 2677 complexus
912 2597 971 2650 est.
993 2584 1104 2670 Quam
1119 2582 1206 2653 bene
1258 2626 1262 2641 ·

135 2685 288 2773 liaberet,
302 2689 330 2757 si
346 2687 561 2758 celeberrima
574 2688 765 2782 hujusmodi
782 2689 929 2757 carmina
945 2687 1057 2758 divino
1071 2689 1205 2785 ingenio

137 2793 258 2888 scripta
274 2795 481 2889 Principibus
499 2796 660 2865 Romanis
678 2810 745 2864 tarn
766 2820 904 2890 operose
922 2790 1167 2888 ingererentur!
1183 2824 1200 2861 o

177 3013 365 3084 tudonem
383 3018 501 3101 Vives,
523 3015 581 3085 lib.
598 3018 663 3084 III
674 3016 717 3085 de
742 3015 932 3086 Tradendas
947 2962 1157 3112 Dtsctplinii.

189 3206 387 3276 «Ausonius
406 3205 523 3276 Gallus
541 3206 663 3301 ubique
680 3222 818 3302 argutus
838 3223 873 3277 et
893 3210 1058 3296 excitans,
1076 3234 1138 3279 nec
1156 3209 1203 3279 le·
1226 3279 1235 3285 ,.

134 3325 259 3380 ctorem
278 3314 355 3382 sinit
374 3312 554 3382 dormitare
569 3337 577 3381 :
593 3313 795 3384 Claudianus
817 3314 950 3402 melior,
965 3337 1005 3385 ac
1027 3317 1151 3411 ingenii
1171 3330 1206 3386 ct

134 3419 266 3511 spin'tus
286 3417 385 3513 plane
402 3420 569 3514 poetici.»

164 3622 261 3692 Idem
284 3629 320 3692 iu
344 3624 468 3694 Comm.
498 3624 552 3694 ad
574 3627 609 3696 S.
632 3627 885 3719 Augtutt'tturri,
910 3626 954 3696 de
981 3630 1047 3699 civ.
1077 3631 1164 3715 Dei,

517 3730 573 3800 lib.
594 3735 638 3816 V,
656 3755 733 3828 cap.
753 3731 812 3802 26.

187 3922 390 3994 Claudianus
413 3954 429 3990 «
443 3924 485 3995 ad
501 3949 635 3996 cannen
652 3943 752 3999 natus
765 3929 846 4018 fuit,
861 3930 951 4025 quod
968 3929 1217 4027 elegantissime

136 4033 270 4126 scripsit
291 4034 422 4126 poetico
440 4035 491 4104 vir
512 4035 686 4130 ingenio».
