2686 4808
94 3846 98 3879 l

387 360 442 428 IN
471 359 545 427 CL.
574 358 954 426 CLAUDIANUM.
1045 448 1054 459 .
1159 355 1207 427 35

133 485 334 549 instructum
347 479 449 568 possit
460 477 603 559 efficere,
619 475 753 541 definire
767 498 924 564 nequeas,
941 499 1017 559 nec,
1034 483 1061 542 si
1077 481 1129 544 vel
1144 483 1212 569 plu·

134 586 228 650 ribus
248 597 363 647 conata
379 580 467 645 haud
483 602 638 668 prospere
652 579 821 656 cesserint,
838 577 915 641 inde
927 596 1097 666 sequetur,
1114 605 1211 672 argu·

137 703 307 767 mentum,
321 683 411 772 quod
423 685 585 747 incassum
604 683 697 745 toties
712 696 869 743 tentatum
888 682 947 762 sit,
964 681 1006 743 ab
1023 683 1212 764 hujusmodi

139 790 329 854 tractatione
345 807 480 875 prorsus
505 785 690 848 abhorrere.
712 784 812 845 Recte
832 781 964 869 quidem
987 783 1122 869 dixeris,
1146 811 1212 875 quo

101 949 104 954 .
141 891 273 956 uberior
289 910 341 953 res
357 888 415 971 sit,
434 909 532 975 quam
549 886 608 950 tibi
624 884 851 973 proposueris,
871 907 910 947 eo
928 886 1100 950 faciliorem
1121 888 1213 952 reddi

141 993 296 1073 laborem,
310 989 518 1079 quippequia
534 988 568 1051 in
581 1009 691 1052 rerum
707 986 809 1072 copia,
822 984 978 1048 electione
990 1002 1117 1052 tantum
1130 1011 1213 1076 opus

144 1095 183 1158 sit
190 1110 224 1158 et
232 1092 380 1182 diligenti
389 1089 626 1179 compositione
639 1111 646 1152 :
659 1087 828 1176 ingenium
838 1102 946 1150 tamen
959 1088 1034 1151 fons
1044 1106 1093 1153 est
1102 1113 1213 1155 rerunt

146 1196 370 1274 inexhaustus,
399 1191 487 1257 unde
512 1212 641 1279 semper
667 1187 815 1277 depromi
842 1204 994 1276 possunt,
1017 1214 1090 1278 quae
1115 1216 1213 1282 argu-

148 1313 254 1362 mento
273 1295 397 1377 desint,
415 1294 460 1357 ita
484 1309 521 1356 ut
540 1292 620 1356 nihil
637 1306 702 1354 tam
719 1291 856 1380 simplex
878 1292 920 1355 sit
942 1307 975 1356 et
994 1309 1109 1371 tenue,
1123 1295 1214 1383 quod

150 1421 209 1463 uon
233 1397 423 1460 motatione
446 1393 515 1458 fieri
540 1393 644 1482 possit
663 1392 807 1455 uberius.
831 1392 945 1474 Quid?
965 1394 1063 1459 lliade
1083 1397 1214 1485 penitus

151 1497 325 1588 incognita,
336 1496 363 1560 si
379 1496 452 1584 quis
463 1495 543 1558 iram
559 1493 689 1558 Achillis
701 1515 777 1557 cum
789 1494 990 1582 Proserpinae
999 1513 1093 1586 raptu
1104 1499 1214 1564 animo

153 1598 366 1679 contenderet,
373 1614 479 1661 utram
489 1620 558 1660 rem
569 1610 601 1659 et
612 1596 793 1685 graviorem
802 1611 834 1659 et
841 1596 1025 1662 uberiorem
1034 1599 1215 1680 judicaret?

155 1700 227 1782 Quae
236 1721 340 1787 quum
351 1699 395 1761 ita
407 1698 490 1779 sint,
503 1698 667 1760 neminem
680 1697 956 1776 moveredebent,
966 1723 1038 1787 quae
1047 1703 1214 1769 Walchius

155 1817 257 1865 contra
273 1799 477 1890 disputavit¹.
499 1800 606 1881 Quin,
629 1799 686 1885 qui
710 1814 824 1887 neget,
850 1800 1011 1865 actionem
1035 1803 1121 1869 illam
1145 1829 1214 1870 non

156 1917 211 1966 tun
226 1900 360 1991 quidem
386 1923 444 1990 per
468 1923 521 1982 se,
538 1922 636 1987 quam
655 1917 788 1989 propter
815 1924 867 1983 ea,
892 1926 965 1990 quae
988 1922 1098 1969 secuta
1119 1925 1214 1991 sunt,

157 2026 215 2070 esse
225 2004 460 2094 gravissimam,
474 2002 614 2068 arbitror
624 2025 694 2067 esse
707 2004 884 2068 neminem.
899 2007 989 2088 Quid
1001 2009 1088 2072 enim
1102 2011 1214 2100 magis,

157 2126 215 2169 non
226 2104 268 2169 ad
280 2119 401 2169 certam
417 2104 557 2191 aliquam
581 2118 730 2191 gentem,
747 2103 803 2167 sed
817 2105 857 2169 ad
871 2129 969 2169 omne
982 2130 1084 2195 genus
1096 2110 1214 2175 huma·

96 2282 99 2303 ἱ
158 2228 227 2271 uum
252 2221 361 2297 potest
385 2205 564 2296 pertinere,
591 2227 689 2292 quam
717 2206 920 2295 agricultura·
945 2209 1105 2292 inventio,
1127 2212 1215 2278 unde
1300 2259 1303 2264 -

157 2309 269 2375 sentina
283 2307 382 2373 simul
400 2307 506 2370 omnis
522 2304 731 2370 humanitatis
747 2307 885 2394 vitaeque
899 2309 1044 2373 cultioris
1059 2329 1092 2374 et
1108 2335 1216 2401 sparsa

160 2427 237 2492 sunt,
246 2426 279 2474 et
287 2407 469 2474 effloruere.
477 2408 569 2472 Hanc
580 2430 649 2472 rem
664 2409 706 2472 ita
720 2409 911 2490 tractare,'ut
921 2409 1090 2477 admiratio
1099 2414 1176 2480 inde
1184 2432 1216 2480 et

158 2509 315 2576 delectatio
335 2509 500 2574 auditores
516 2525 550 2572 et
567 2510 703 2573 lectores
721 2512 841 2598 capiat,
860 2530 963 2599 poeste
979 2531 1027 2577 est
1043 2516 1213 2606 ingeniosi.

157 2614 236 2676 llum
258 2629 367 2676 autem
389 2611 454 2674 boc
472 2612 608 2673 omnino
632 2609 700 2673 fieri
720 2613 863 2698 potuerit
880 2613 914 2675 in
937 2615 1080 2696 actione,
1099 2618 1215 2706 inqua

157 2714 283 2780 deorum
302 2729 428 2777 tantum
444 2728 549 2799 partes
567 2727 661 2791 sunt,
685 2734 746 2774 nec
760 2712 985 2776 affirmaverim
1004 2739 1064 2780 nec
1080 2741 1216 2807 negave-

157 2815 223 2879 rim.
240 2814 329 2898 Quid
351 2813 420 2878 fieri
440 2813 598 2899 potuerit,
616 2834 713 2875 nemo
730 2813 820 2876 facile
837 2814 972 2898 dixerim
989 2817 1069 2905 quid
1093 2821 1214 2885 factum

156 2915 209 2997 sit,
224 2916 345 2980 facilius
360 2912 599 2991 dijudicabitur.
616 2912 679 2976 Sed
693 2913 774 2976 mihi
790 2918 993 3003 propositum
1010 2943 1076 2984 non
1094 2939 1157 3003 est,
1174 2922 1215 2988 ad

156 3032 321 3104 pmcepta,
339 3037 411 3102 quae
422 3014 499 3077 artis
516 3013 688 3100 scriptores
703 3015 979 3103 excogitaverunt,
999 3021 1214 3088 Claudianum

155 3117 291 3207 exigere,
311 3110 396 3180 et'ut
412 3115 492 3179 alter
510 3114 713 3195 Procrustes,
735 3139 807 3202 quae
825 3116 932 3181 lectuli
952 3121 1087 3186 modulo
1107 3126 1216 3189 minus

154 3219 358 3294 conveniant,
378 3218 429 3280 vel
448 3231 631 3304 amputare,
647 3216 698 3279 vel
716 3216 865 3298 dilatare3
884 3243 998 3283 verum
1019 3239 1055 3285 ut
1072 3246 1158 3288 unus
1175 3226 1217 3292 de

154 3319 276 3401 multis,
291 3342 359 3383 non
374 3317 414 3381 de
428 3318 553 3396 schola,
566 3339 672 3404 neque
686 3340 703 3379 a
717 3319 881 3408 magistre,
898 3344 970 3408 quae
983 3324 1062 3386 mihi
1075 3327 1217 3413 proben-

153 3437 335 3508 tur,quaeve
353 3416 625 3498 minus,candida
644 3434 752 3481 mente
771 3418 959 3505 profitebor.
970 3423 1053 3487 Sunt
1069 3427 1217 3513 quaedam

151 3521 306 3610 principia
321 3520 388 3585 veri
404 3534 437 3582 et
452 3520 597 3607 pulchri,
610 3521 643 3584 in
658 3520 773 3584 animis
785 3521 958 3586 hominum
976 3525 1088 3608 insita,
1099 3531 1218 3616 quibus

151 3640 188 3691 ut
203 3623 326 3711 quique
348 3622 495 3710 proxime
517 3621 678 3685 accedunt
700 3622 740 3686 ad
763 3639 885 3687 naturae
905 3625 1159 3713 simplicitatem,
1176 3633 1220 3695 ita

150 3725 289 3789 maxime
309 3724 401 3812 quasi
419 3724 543 3811 impetu
562 3723 705 3810 quodam
728 3747 813 3787 caeco
832 3742 1005 3814 reguntur,
1033 3753 1219 3822 quanquam

94 3922 96 3971 i
192 3976 220 4010 t.
241 3955 273 4007 ln
289 3954 396 4019 libello,
413 3955 487 4024 cujus
500 3965 538 4005 est
553 3953 665 4005 titulus:
690 3953 811 4006 Uben'ort's
828 3963 1031 4010 commentationis
1046 3961 1077 4012 de
1092 3961 1225 4015 Claudiani

146 4039 256 4088 mine
270 4033 300 4086 de
315 4046 386 4105 raptu
401 4034 550 4103 Proserpinae
565 4037 679 4102 inuertpto
691 4038 813 4104 specimen.
830 4036 993 4112 Goettingae,
1012 4059 1099 4110 1770,
1115 4050 1141 4104 4.

1050 4133 1091 4202 3.
