<?xml version="1.0" encoding="UTF-8"?>
<!DOCTYPE html PUBLIC "-//W3C//DTD XHTML 1.0 Transitional//EN"
    "http://www.w3.org/TR/xhtml1/DTD/xhtml1-transitional.dtd">
<html xmlns="http://www.w3.org/1999/xhtml" xml:lang="en" lang="en">
 <head>
  <title>
</title>
<meta http-equiv="Content-Type" content="text/html;charset=utf-8" />
  <meta name='ocr-system' content='tesseract 3.04.00' />
  <meta name='ocr-capabilities' content='ocr_page ocr_carea ocr_par ocr_line ocrx_word'/>
</head>
<body>
  <div class='ocr_page' id='page_1' title='image "bibliothecaclas77lemagoog_0044.png"; bbox 0 0 2686 4808; ppageno 0'>
   <div class='ocr_carea' id='block_1_1' title="bbox 321 318 1138 412">
    <p class='ocr_par' dir='ltr' id='par_1_1' title="bbox 321 318 1138 412">
     <span class='ocr_line' id='line_1_1' title="bbox 321 318 1138 412; baseline 0.022 -18"><span class='ocrx_word' id='word_1_1' title='bbox 321 318 378 399; x_wconf 79' lang='lat' dir='ltr'><strong>IN</strong></span> <span class='ocrx_word' id='word_1_2' title='bbox 406 328 479 397; x_wconf 87' lang='lat' dir='ltr'><strong>CL.</strong></span> <span class='ocrx_word' id='word_1_3' title='bbox 508 329 884 402; x_wconf 76' lang='lat' dir='ltr'><strong>CLAUDIANUM.</strong></span> <span class='ocrx_word' id='word_1_4' title='bbox 1095 337 1138 412; x_wconf 81' lang='lat'><strong>15</strong></span> 
     </span>
    </p>
   </div>
   <div class='ocr_carea' id='block_1_2' title="bbox 67 442 1144 945">
    <p class='ocr_par' dir='ltr' id='par_1_2' title="bbox 67 442 1144 945">
     <span class='ocr_line' id='line_1_2' title="bbox 70 442 1141 543; baseline 0.012 -32"><span class='ocrx_word' id='word_1_5' title='bbox 70 469 164 524; x_wconf 87' lang='lat' dir='ltr'><strong>nem,</strong></span> <span class='ocrx_word' id='word_1_6' title='bbox 178 446 271 535; x_wconf 83' lang='lat' dir='ltr'><strong>quod</strong></span> <span class='ocrx_word' id='word_1_7' title='bbox 282 449 405 513; x_wconf 88' lang='lat' dir='ltr'><strong>Lucani</strong></span> <span class='ocrx_word' id='word_1_8' title='bbox 416 468 537 514; x_wconf 86' lang='lat' dir='ltr'><strong>nomen</strong></span> <span class='ocrx_word' id='word_1_9' title='bbox 552 442 633 514; x_wconf 77' lang='lat' dir='ltr'><strong>falso</strong></span> <span class='ocrx_word' id='word_1_10' title='bbox 643 473 709 539; x_wconf 74' lang='lat' dir='ltr'><strong>prae</strong></span> <span class='ocrx_word' id='word_1_11' title='bbox 722 474 757 516; x_wconf 79' lang='lat' dir='ltr'><strong>se</strong></span> <span class='ocrx_word' id='word_1_12' title='bbox 773 454 849 536; x_wconf 84' lang='lat' dir='ltr'><strong>fert,</strong></span> <span class='ocrx_word' id='word_1_13' title='bbox 864 471 897 518; x_wconf 87' lang='lat' dir='ltr'><strong>et</strong></span> <span class='ocrx_word' id='word_1_14' title='bbox 911 456 1014 522; x_wconf 81' lang='lat' dir='ltr'><strong>Saleio</strong></span> <span class='ocrx_word' id='word_1_15' title='bbox 1029 461 1141 543; x_wconf 75' lang='lat' dir='ltr'><strong>Busan,</strong></span> 
     </span>
     <span class='ocr_line' id='line_1_3' title="bbox 67 547 1143 641; baseline 0.015 -30"><span class='ocrx_word' id='word_1_16' title='bbox 67 547 204 636; x_wconf 85' lang='lat' dir='ltr'><strong>quisub</strong></span> <span class='ocrx_word' id='word_1_17' title='bbox 213 547 344 613; x_wconf 89' lang='lat' dir='ltr'><strong>Nerone</strong></span> <span class='ocrx_word' id='word_1_18' title='bbox 353 565 386 614; x_wconf 90' lang='lat' dir='ltr'><strong>et</strong></span> <span class='ocrx_word' id='word_1_19' title='bbox 395 550 646 638; x_wconf 83' lang='lat' dir='ltr'><strong>imperatoribus</strong></span> <span class='ocrx_word' id='word_1_20' title='bbox 655 555 868 640; x_wconf 83' lang='lat' dir='ltr'><strong>sequentibus</strong></span> <span class='ocrx_word' id='word_1_21' title='bbox 877 558 971 641; x_wconf 84' lang='lat' dir='ltr'><strong>vixit,</strong></span> <span class='ocrx_word' id='word_1_22' title='bbox 981 583 999 623; x_wconf 88' lang='lat' dir='ltr'><strong>a</strong></span> <span class='ocrx_word' id='word_1_23' title='bbox 1009 561 1143 626; x_wconf 88' lang='lat' dir='ltr'><strong>Werns·</strong></span> 
     </span>
     <span class='ocr_line' id='line_1_4' title="bbox 68 642 1144 745; baseline 0.011 -29"><span class='ocrx_word' id='word_1_24' title='bbox 68 648 181 716; x_wconf 84' lang='lat' dir='ltr'><strong>dorlio</strong></span> <span class='ocrx_word' id='word_1_25' title='bbox 197 651 406 741; x_wconf 52' lang='lat' dir='ltr'><strong>assignatur&amp;</strong></span> <span class='ocrx_word' id='word_1_26' title='bbox 426 652 545 716; x_wconf 87' lang='lat' dir='ltr'><strong>Forma</strong></span> <span class='ocrx_word' id='word_1_27' title='bbox 564 652 699 740; x_wconf 89' lang='lat' dir='ltr'><strong>quidem</strong></span> <span class='ocrx_word' id='word_1_28' title='bbox 712 642 844 719; x_wconf 77' lang='lat' dir='ltr'><strong>illodrm</strong></span> <span class='ocrx_word' id='word_1_29' title='bbox 860 659 955 745; x_wconf 86' lang='lat' dir='ltr'><strong>plane</strong></span> <span class='ocrx_word' id='word_1_30' title='bbox 968 659 1080 726; x_wconf 86' lang='lat' dir='ltr'><strong>eadem</strong></span> <span class='ocrx_word' id='word_1_31' title='bbox 1095 680 1144 727; x_wconf 83' lang='lat' dir='ltr'><strong>eat</strong></span> 
     </span>
     <span class='ocr_line' id='line_1_5' title="bbox 69 752 1144 842; baseline 0.01 -26"><span class='ocrx_word' id='word_1_32' title='bbox 69 774 151 816; x_wconf 86' lang='lat' dir='ltr'><strong>cum</strong></span> <span class='ocrx_word' id='word_1_33' title='bbox 164 774 206 819; x_wconf 83' lang='lat' dir='ltr'><strong>eo</strong></span> <span class='ocrx_word' id='word_1_34' title='bbox 221 774 360 842; x_wconf 81' lang='lat' dir='ltr'><strong>genere,</strong></span> <span class='ocrx_word' id='word_1_35' title='bbox 375 752 418 818; x_wconf 90' lang='lat' dir='ltr'><strong>de</strong></span> <span class='ocrx_word' id='word_1_36' title='bbox 434 774 502 840; x_wconf 91' lang='lat' dir='ltr'><strong>quo</strong></span> <span class='ocrx_word' id='word_1_37' title='bbox 519 776 609 818; x_wconf 91' lang='lat' dir='ltr'><strong>nunc</strong></span> <span class='ocrx_word' id='word_1_38' title='bbox 620 753 814 842; x_wconf 75' lang='lat' dir='ltr'><strong>querimus,</strong></span> <span class='ocrx_word' id='word_1_39' title='bbox 827 756 885 822; x_wconf 86' lang='lat' dir='ltr'><strong>sed</strong></span> <span class='ocrx_word' id='word_1_40' title='bbox 898 759 995 824; x_wconf 80' lang='lat' dir='ltr'><strong>missa</strong></span> <span class='ocrx_word' id='word_1_41' title='bbox 1011 763 1144 827; x_wconf 86' lang='lat' dir='ltr'><strong>suntad</strong></span> 
     </span>
     <span class='ocr_line' id='line_1_6' title="bbox 70 853 1143 945; baseline 0.009 -28"><span class='ocrx_word' id='word_1_42' title='bbox 70 854 146 918; x_wconf 74' lang='lat' dir='ltr'><strong>illoc</strong></span> <span class='ocrx_word' id='word_1_43' title='bbox 162 853 267 936; x_wconf 69' lang='lat' dir='ltr'><strong>mma,</strong></span> <span class='ocrx_word' id='word_1_44' title='bbox 282 874 352 919; x_wconf 92' lang='lat' dir='ltr'><strong>non</strong></span> <span class='ocrx_word' id='word_1_45' title='bbox 367 875 478 919; x_wconf 88' lang='lat' dir='ltr'><strong>coram</strong></span> <span class='ocrx_word' id='word_1_46' title='bbox 495 854 557 919; x_wconf 86' lang='lat' dir='ltr'><strong>illis</strong></span> <span class='ocrx_word' id='word_1_47' title='bbox 578 856 612 918; x_wconf 94' lang='lat' dir='ltr'><strong>in</strong></span> <span class='ocrx_word' id='word_1_48' title='bbox 631 870 716 920; x_wconf 83' lang='lat' dir='ltr'><strong>coetu</strong></span> <span class='ocrx_word' id='word_1_49' title='bbox 732 857 842 945; x_wconf 88' lang='lat' dir='ltr'><strong>aliquo</strong></span> <span class='ocrx_word' id='word_1_50' title='bbox 859 858 985 924; x_wconf 75' lang='lat' dir='ltr'><strong>solenni</strong></span> <span class='ocrx_word' id='word_1_51' title='bbox 1002 863 1143 927; x_wconf 85' lang='lat' dir='ltr'><strong>recitata.</strong></span> 
     </span>
    </p>
   </div>
   <div class='ocr_carea' id='block_1_3' title="bbox 165 1009 1055 1131">
    <p class='ocr_par' dir='ltr' id='par_1_3' title="bbox 165 1009 1055 1131">
     <span class='ocr_line' id='line_1_7' title="bbox 165 1009 1055 1131; baseline 0.006 -5"><span class='ocrx_word' id='word_1_52' title='bbox 165 1056 470 1127; x_wconf 73' lang='lat' dir='ltr'><strong>annuorum</strong></span> <span class='ocrx_word' id='word_1_53' title='bbox 498 1057 800 1127; x_wconf 80' lang='lat' dir='ltr'><strong>canutnun</strong></span> <span class='ocrx_word' id='word_1_54' title='bbox 828 1009 1055 1131; x_wconf 71' lang='lat' dir='ltr'><strong>cenent.</strong></span> 
     </span>
    </p>
   </div>
   <div class='ocr_carea' id='block_1_4' title="bbox 70 1254 1247 3875">
    <p class='ocr_par' dir='ltr' id='par_1_4' title="bbox 70 1254 1247 3875">
     <span class='ocr_line' id='line_1_8' title="bbox 120 1254 1145 1350; baseline 0.004 -27"><span class='ocrx_word' id='word_1_55' title='bbox 120 1254 181 1323; x_wconf 74' lang='lat' dir='ltr'><strong>nis</strong></span> <span class='ocrx_word' id='word_1_56' title='bbox 190 1257 373 1346; x_wconf 69' lang='lat' dir='ltr'>praemissis,</span> <span class='ocrx_word' id='word_1_57' title='bbox 384 1255 537 1320; x_wconf 80' lang='lat' dir='ltr'><strong>accedere</strong></span> <span class='ocrx_word' id='word_1_58' title='bbox 547 1277 723 1344; x_wconf 78' lang='lat' dir='ltr'><strong>possumus</strong></span> <span class='ocrx_word' id='word_1_59' title='bbox 736 1256 777 1321; x_wconf 88' lang='lat' dir='ltr'><strong>ad</strong></span> <span class='ocrx_word' id='word_1_60' title='bbox 792 1258 837 1340; x_wconf 92' lang='lat' dir='ltr'><strong>id,</strong></span> <span class='ocrx_word' id='word_1_61' title='bbox 852 1258 944 1345; x_wconf 89' lang='lat' dir='ltr'><strong>quod</strong></span> <span class='ocrx_word' id='word_1_62' title='bbox 958 1262 1052 1326; x_wconf 84' lang='lat' dir='ltr'><strong>nobis</strong></span> <span class='ocrx_word' id='word_1_63' title='bbox 1067 1284 1145 1350; x_wconf 91' lang='lat' dir='ltr'><strong>pro·</strong></span> 
     </span>
     <span class='ocr_line' id='line_1_9' title="bbox 70 1356 1146 1449; baseline 0.004 -25"><span class='ocrx_word' id='word_1_64' title='bbox 70 1359 262 1448; x_wconf 73' lang='lat' dir='ltr'><strong>pommus,</strong></span> <span class='ocrx_word' id='word_1_65' title='bbox 272 1374 372 1446; x_wconf 84' lang='lat' dir='ltr'><strong>atque</strong></span> <span class='ocrx_word' id='word_1_66' title='bbox 385 1356 571 1439; x_wconf 74' lang='lat' dir='ltr'><strong>ostendere,</strong></span> <span class='ocrx_word' id='word_1_67' title='bbox 584 1378 683 1445; x_wconf 92' lang='lat' dir='ltr'><strong>quem</strong></span> <span class='ocrx_word' id='word_1_68' title='bbox 696 1359 805 1422; x_wconf 90' lang='lat' dir='ltr'><strong>locum</strong></span> <span class='ocrx_word' id='word_1_69' title='bbox 822 1359 909 1424; x_wconf 88' lang='lat' dir='ltr'><strong>inter</strong></span> <span class='ocrx_word' id='word_1_70' title='bbox 923 1376 1035 1449; x_wconf 82' lang='lat' dir='ltr'><strong>poetas</strong></span> <span class='ocrx_word' id='word_1_71' title='bbox 1050 1365 1146 1428; x_wconf 78' lang='lat' dir='ltr'><strong>Clau·</strong></span> 
     </span>
     <span class='ocr_line' id='line_1_10' title="bbox 71 1458 1145 1552; baseline 0.005 -28"><span class='ocrx_word' id='word_1_72' title='bbox 71 1461 194 1525; x_wconf 79' lang='lat' dir='ltr'><strong>dianut</strong></span> <span class='ocrx_word' id='word_1_73' title='bbox 217 1461 382 1536; x_wconf 85' lang='lat' dir='ltr'><strong>obtineat,</strong></span> <span class='ocrx_word' id='word_1_74' title='bbox 405 1459 496 1547; x_wconf 90' lang='lat' dir='ltr'><strong>quod</strong></span> <span class='ocrx_word' id='word_1_75' title='bbox 520 1458 683 1524; x_wconf 82' lang='lat' dir='ltr'><strong>scribendi</strong></span> <span class='ocrx_word' id='word_1_76' title='bbox 709 1472 823 1548; x_wconf 82' lang='lat' dir='ltr'><strong>genus·</strong></span> <span class='ocrx_word' id='word_1_77' title='bbox 836 1475 968 1525; x_wconf 85' lang='lat' dir='ltr'><strong>secutus</strong></span> <span class='ocrx_word' id='word_1_78' title='bbox 993 1463 1049 1540; x_wconf 84' lang='lat' dir='ltr'><strong>sit,</strong></span> <span class='ocrx_word' id='word_1_79' title='bbox 1072 1486 1145 1552; x_wconf 84' lang='lat' dir='ltr'><strong>quae</strong></span> 
     </span>
     <span class='ocr_line' id='line_1_11' title="bbox 74 1559 1147 1649; baseline 0.003 -23"><span class='ocrx_word' id='word_1_80' title='bbox 74 1562 200 1628; x_wconf 71' lang='lat' dir='ltr'><strong>iruerint</strong></span> <span class='ocrx_word' id='word_1_81' title='bbox 215 1564 353 1628; x_wconf 77' lang='lat' dir='ltr'><strong>virtutes</strong></span> <span class='ocrx_word' id='word_1_82' title='bbox 370 1563 456 1642; x_wconf 76' lang='lat' dir='ltr'><strong>ejus,</strong></span> <span class='ocrx_word' id='word_1_83' title='bbox 474 1583 546 1649; x_wconf 87' lang='lat' dir='ltr'><strong>quae</strong></span> <span class='ocrx_word' id='word_1_84' title='bbox 561 1561 652 1641; x_wconf 80' lang='lat' dir='ltr'><strong>vitia3</strong></span> <span class='ocrx_word' id='word_1_85' title='bbox 666 1559 708 1624; x_wconf 86' lang='lat' dir='ltr'><strong>de</strong></span> <span class='ocrx_word' id='word_1_86' title='bbox 724 1560 774 1624; x_wconf 83' lang='lat' dir='ltr'><strong>his</strong></span> <span class='ocrx_word' id='word_1_87' title='bbox 791 1561 879 1624; x_wconf 88' lang='lat' dir='ltr'><strong>enim</strong></span> <span class='ocrx_word' id='word_1_88' title='bbox 897 1562 1051 1627; x_wconf 89' lang='lat' dir='ltr'><strong>omnibus</strong></span> <span class='ocrx_word' id='word_1_89' title='bbox 1067 1589 1147 1630; x_wconf 81' lang='lat' dir='ltr'><strong>nus·</strong></span> 
     </span>
     <span class='ocr_line' id='line_1_12' title="bbox 72 1661 1145 1752; baseline 0.004 -26"><span class='ocrx_word' id='word_1_90' title='bbox 72 1684 194 1750; x_wconf 84' lang='lat' dir='ltr'><strong>quam,</strong></span> <span class='ocrx_word' id='word_1_91' title='bbox 207 1661 297 1752; x_wconf 90' lang='lat' dir='ltr'><strong>quod</strong></span> <span class='ocrx_word' id='word_1_92' title='bbox 309 1661 423 1744; x_wconf 83' lang='lat' dir='ltr'><strong>sclam,</strong></span> <span class='ocrx_word' id='word_1_93' title='bbox 437 1677 585 1727; x_wconf 82' lang='lat' dir='ltr'><strong>accurate</strong></span> <span class='ocrx_word' id='word_1_94' title='bbox 601 1661 803 1749; x_wconf 80' lang='lat' dir='ltr'><strong>disputatum</strong></span> <span class='ocrx_word' id='word_1_95' title='bbox 814 1677 872 1726; x_wconf 87' lang='lat' dir='ltr'><strong>est.</strong></span> <span class='ocrx_word' id='word_1_96' title='bbox 887 1664 1026 1728; x_wconf 83' lang='lat' dir='ltr'><strong>Utrecte</strong></span> <span class='ocrx_word' id='word_1_97' title='bbox 1036 1682 1145 1731; x_wconf 85' lang='lat' dir='ltr'><strong>autem</strong></span> 
     </span>
     <span class='ocr_line' id='line_1_13' title="bbox 72 1762 1147 1853; baseline 0.005 -25"><span class='ocrx_word' id='word_1_98' title='bbox 72 1764 120 1828; x_wconf 80' lang='lat' dir='ltr'><strong>de</strong></span> <span class='ocrx_word' id='word_1_99' title='bbox 138 1780 234 1853; x_wconf 83' lang='lat' dir='ltr'><strong>poeta</strong></span> <span class='ocrx_word' id='word_1_100' title='bbox 257 1779 371 1828; x_wconf 88' lang='lat' dir='ltr'><strong>nostro</strong></span> <span class='ocrx_word' id='word_1_101' title='bbox 397 1763 493 1828; x_wconf 90' lang='lat' dir='ltr'><strong>etde</strong></span> <span class='ocrx_word' id='word_1_102' title='bbox 516 1764 585 1842; x_wconf 86' lang='lat' dir='ltr'><strong>ejus</strong></span> <span class='ocrx_word' id='word_1_103' title='bbox 612 1762 765 1827; x_wconf 75' lang='lat' dir='ltr'><strong>facultate</strong></span> <span class='ocrx_word' id='word_1_104' title='bbox 794 1764 919 1852; x_wconf 88' lang='lat' dir='ltr'><strong>poetica</strong></span> <span class='ocrx_word' id='word_1_105' title='bbox 942 1766 1147 1850; x_wconf 83' lang='lat' dir='ltr'><strong>judicemus,</strong></span> 
     </span>
     <span class='ocr_line' id='line_1_14' title="bbox 75 1864 1146 1952; baseline 0.003 -21"><span class='ocrx_word' id='word_1_106' title='bbox 75 1888 209 1931; x_wconf 82' lang='lat' dir='ltr'><strong>necesse</strong></span> <span class='ocrx_word' id='word_1_107' title='bbox 232 1882 296 1949; x_wconf 84' lang='lat' dir='ltr'><strong>est,</strong></span> <span class='ocrx_word' id='word_1_108' title='bbox 313 1884 352 1930; x_wconf 92' lang='lat' dir='ltr'><strong>ut</strong></span> <span class='ocrx_word' id='word_1_109' title='bbox 376 1866 591 1947; x_wconf 81' lang='lat' dir='ltr'>carminibus,</span> <span class='ocrx_word' id='word_1_110' title='bbox 610 1886 684 1952; x_wconf 77' lang='lat' dir='ltr'><strong>que</strong></span> <span class='ocrx_word' id='word_1_111' title='bbox 707 1864 748 1927; x_wconf 85' lang='lat' dir='ltr'><strong>ad</strong></span> <span class='ocrx_word' id='word_1_112' title='bbox 769 1885 830 1928; x_wconf 85' lang='lat' dir='ltr'><strong>nos</strong></span> <span class='ocrx_word' id='word_1_113' title='bbox 856 1885 1094 1952; x_wconf 87' lang='lat' dir='ltr'><strong>pervenerunt,</strong></span> <span class='ocrx_word' id='word_1_114' title='bbox 1113 1871 1146 1934; x_wconf 91' lang='lat' dir='ltr'><strong>in</strong></span> 
     </span>
     <span class='ocr_line' id='line_1_15' title="bbox 75 1964 1148 2056; baseline 0.005 -25"><span class='ocrx_word' id='word_1_115' title='bbox 75 1989 137 2031; x_wconf 76' lang='lat' dir='ltr'><strong>sua</strong></span> <span class='ocrx_word' id='word_1_116' title='bbox 149 1988 266 2056; x_wconf 79' lang='lat' dir='ltr'><strong>genera</strong></span> <span class='ocrx_word' id='word_1_117' title='bbox 274 1966 460 2054; x_wconf 79' lang='lat' dir='ltr'><strong>descriptis,</strong></span> <span class='ocrx_word' id='word_1_118' title='bbox 471 1964 747 2054; x_wconf 86' lang='lat' dir='ltr'><strong>quemadmodum</strong></span> <span class='ocrx_word' id='word_1_119' title='bbox 758 1966 1020 2055; x_wconf 89' lang='lat' dir='ltr'><strong>unumquodque</strong></span> <span class='ocrx_word' id='word_1_120' title='bbox 1031 1984 1148 2036; x_wconf 85' lang='lat' dir='ltr'><strong>tracta·</strong></span> 
     </span>
     <span class='ocr_line' id='line_1_16' title="bbox 77 2066 1150 2161; baseline 0.006 -32"><span class='ocrx_word' id='word_1_121' title='bbox 77 2083 150 2132; x_wconf 92' lang='lat' dir='ltr'><strong>tum</strong></span> <span class='ocrx_word' id='word_1_122' title='bbox 161 2068 217 2150; x_wconf 85' lang='lat' dir='ltr'><strong>sit,</strong></span> <span class='ocrx_word' id='word_1_123' title='bbox 230 2067 376 2155; x_wconf 85' lang='lat' dir='ltr'><strong>quidque</strong></span> <span class='ocrx_word' id='word_1_124' title='bbox 387 2067 422 2130; x_wconf 89' lang='lat' dir='ltr'><strong>in</strong></span> <span class='ocrx_word' id='word_1_125' title='bbox 430 2067 566 2157; x_wconf 81' lang='lat' dir='ltr'><strong>singulis</strong></span> <span class='ocrx_word' id='word_1_126' title='bbox 579 2067 775 2155; x_wconf 83' lang='lat' dir='ltr'><strong>praestitum,</strong></span> <span class='ocrx_word' id='word_1_127' title='bbox 788 2066 1003 2155; x_wconf 86' lang='lat' dir='ltr'><strong>dispiciamus.</strong></span> <span class='ocrx_word' id='word_1_128' title='bbox 1016 2071 1150 2161; x_wconf 77' lang='lat' dir='ltr'><strong>Scripsit</strong></span> 
     </span>
     <span class='ocr_line' id='line_1_17' title="bbox 76 2167 1247 2257; baseline 0.003 -24"><span class='ocrx_word' id='word_1_129' title='bbox 76 2185 187 2234; x_wconf 86' lang='lat' dir='ltr'><strong>autem</strong></span> <span class='ocrx_word' id='word_1_130' title='bbox 204 2186 236 2233; x_wconf 91' lang='lat' dir='ltr'><strong>et</strong></span> <span class='ocrx_word' id='word_1_131' title='bbox 253 2168 400 2233; x_wconf 88' lang='lat' dir='ltr'><strong>recitavit</strong></span> <span class='ocrx_word' id='word_1_132' title='bbox 417 2170 560 2257; x_wconf 88' lang='lat' dir='ltr'><strong>primum</strong></span> <span class='ocrx_word' id='word_1_133' title='bbox 580 2167 721 2230; x_wconf 87' lang='lat' dir='ltr'><strong>carmina</strong></span> <span class='ocrx_word' id='word_1_134' title='bbox 740 2168 932 2255; x_wconf 84' lang='lat' dir='ltr'><strong>panegyrica</strong></span> <span class='ocrx_word' id='word_1_135' title='bbox 952 2169 985 2230; x_wconf 94' lang='lat' dir='ltr'><strong>in</strong></span> <span class='ocrx_word' id='word_1_136' title='bbox 1004 2173 1149 2236; x_wconf 78' lang='lat' dir='ltr'><strong>consula·</strong></span> <span class='ocrx_word' id='word_1_137' title='bbox 1243 2210 1247 2219; x_wconf 80' lang='lat'>=</span> 
     </span>
     <span class='ocr_line' id='line_1_18' title="bbox 77 2266 1147 2358; baseline -0.003 -21"><span class='ocrx_word' id='word_1_138' title='bbox 77 2288 148 2337; x_wconf 85' lang='lat' dir='ltr'><strong>tum</strong></span> <span class='ocrx_word' id='word_1_139' title='bbox 166 2271 297 2334; x_wconf 79' lang='lat' dir='ltr'><strong>Probini</strong></span> <span class='ocrx_word' id='word_1_140' title='bbox 308 2285 404 2358; x_wconf 83' lang='lat' dir='ltr'><strong>atque</strong></span> <span class='ocrx_word' id='word_1_141' title='bbox 430 2269 568 2354; x_wconf 81' lang='lat' dir='ltr'><strong>Olybrii,</strong></span> <span class='ocrx_word' id='word_1_142' title='bbox 586 2266 836 2330; x_wconf 70' lang='lat' dir='ltr'><strong>inconsolatum</strong></span> <span class='ocrx_word' id='word_1_143' title='bbox 857 2267 991 2330; x_wconf 82' lang='lat' dir='ltr'><strong>Honorii</strong></span> <span class='ocrx_word' id='word_1_144' title='bbox 1006 2274 1147 2351; x_wconf 84' lang='lat' dir='ltr'><strong>tertium,</strong></span> 
     </span>
     <span class='ocr_line' id='line_1_19' title="bbox 77 2368 1148 2461; baseline -0.001 -24"><span class='ocrx_word' id='word_1_145' title='bbox 77 2382 435 2461; x_wconf 52' lang='lat' dir='ltr'><strong>quartamdecimam,</strong></span> <span class='ocrx_word' id='word_1_146' title='bbox 458 2372 492 2432; x_wconf 91' lang='lat' dir='ltr'><strong>in</strong></span> <span class='ocrx_word' id='word_1_147' title='bbox 511 2368 710 2433; x_wconf 75' lang='lat' dir='ltr'><strong>comulatam</strong></span> <span class='ocrx_word' id='word_1_148' title='bbox 731 2369 781 2431; x_wconf 86' lang='lat' dir='ltr'><strong>Fl.</strong></span> <span class='ocrx_word' id='word_1_149' title='bbox 801 2368 911 2431; x_wconf 66' lang='lat' dir='ltr'><strong>Mallia·</strong></span> <span class='ocrx_word' id='word_1_150' title='bbox 927 2369 1098 2455; x_wconf 76' lang='lat' dir='ltr'><strong>Theodori,</strong></span> <span class='ocrx_word' id='word_1_151' title='bbox 1114 2374 1148 2436; x_wconf 94' lang='lat' dir='ltr'><strong>in</strong></span> 
     </span>
     <span class='ocr_line' id='line_1_20' title="bbox 77 2467 1151 2561; baseline 0.003 -26"><span class='ocrx_word' id='word_1_152' title='bbox 77 2470 277 2536; x_wconf 56' lang='lat' dir='ltr'><strong>consumtum</strong></span> <span class='ocrx_word' id='word_1_153' title='bbox 287 2469 483 2550; x_wconf 67' lang='lat' dir='ltr'><strong>Stilichonis,</strong></span> <span class='ocrx_word' id='word_1_154' title='bbox 498 2469 551 2533; x_wconf 93' lang='lat' dir='ltr'><strong>cui</strong></span> <span class='ocrx_word' id='word_1_155' title='bbox 563 2469 623 2532; x_wconf 90' lang='lat' dir='ltr'><strong>tria</strong></span> <span class='ocrx_word' id='word_1_156' title='bbox 634 2467 775 2532; x_wconf 88' lang='lat' dir='ltr'><strong>carmina</strong></span> <span class='ocrx_word' id='word_1_157' title='bbox 788 2467 964 2556; x_wconf 89' lang='lat' dir='ltr'><strong>impendit,</strong></span> <span class='ocrx_word' id='word_1_158' title='bbox 976 2494 1047 2559; x_wconf 85' lang='lat' dir='ltr'><strong>quae</strong></span> <span class='ocrx_word' id='word_1_159' title='bbox 1060 2475 1151 2561; x_wconf 87' lang='lat' dir='ltr'><strong>quasi</strong></span> 
     </span>
     <span class='ocr_line' id='line_1_21' title="bbox 78 2568 1151 2656; baseline 0.002 -20"><span class='ocrx_word' id='word_1_160' title='bbox 78 2594 187 2636; x_wconf 88' lang='lat' dir='ltr'><strong>unum</strong></span> <span class='ocrx_word' id='word_1_161' title='bbox 206 2572 421 2638; x_wconf 89' lang='lat' dir='ltr'><strong>constituunt.</strong></span> <span class='ocrx_word' id='word_1_162' title='bbox 445 2571 503 2635; x_wconf 86' lang='lat' dir='ltr'><strong>His</strong></span> <span class='ocrx_word' id='word_1_163' title='bbox 521 2568 725 2633; x_wconf 87' lang='lat' dir='ltr'><strong>adnumerari</strong></span> <span class='ocrx_word' id='word_1_164' title='bbox 747 2583 855 2656; x_wconf 89' lang='lat' dir='ltr'><strong>potest</strong></span> <span class='ocrx_word' id='word_1_165' title='bbox 879 2591 1007 2634; x_wconf 88' lang='lat' dir='ltr'><strong>carmen</strong></span> <span class='ocrx_word' id='word_1_166' title='bbox 1027 2572 1151 2652; x_wconf 78' lang='lat' dir='ltr'><strong>Laudes</strong></span> 
     </span>
     <span class='ocr_line' id='line_1_22' title="bbox 78 2671 1150 2758; baseline 0.002 -20"><span class='ocrx_word' id='word_1_167' title='bbox 78 2672 206 2738; x_wconf 76' lang='lat' dir='ltr'><strong>Serenae</strong></span> <span class='ocrx_word' id='word_1_168' title='bbox 221 2674 402 2737; x_wconf 87' lang='lat' dir='ltr'><strong>continens.</strong></span> <span class='ocrx_word' id='word_1_169' title='bbox 420 2672 574 2758; x_wconf 86' lang='lat' dir='ltr'><strong>Sequitur</strong></span> <span class='ocrx_word' id='word_1_170' title='bbox 592 2671 729 2733; x_wconf 90' lang='lat' dir='ltr'><strong>alterum</strong></span> <span class='ocrx_word' id='word_1_171' title='bbox 748 2691 850 2758; x_wconf 86' lang='lat' dir='ltr'><strong>genus</strong></span> <span class='ocrx_word' id='word_1_172' title='bbox 865 2673 1064 2756; x_wconf 83' lang='lat' dir='ltr'><strong>carminum,</strong></span> <span class='ocrx_word' id='word_1_173' title='bbox 1083 2699 1150 2739; x_wconf 90' lang='lat' dir='ltr'><strong>non</strong></span> 
     </span>
     <span class='ocr_line' id='line_1_23' title="bbox 78 2769 1152 2864; baseline 0.002 -25"><span class='ocrx_word' id='word_1_174' title='bbox 78 2790 150 2839; x_wconf 85' lang='lat' dir='ltr'><strong>tam</strong></span> <span class='ocrx_word' id='word_1_175' title='bbox 175 2777 278 2839; x_wconf 79' lang='lat' dir='ltr'><strong>forma</strong></span> <span class='ocrx_word' id='word_1_176' title='bbox 297 2797 395 2864; x_wconf 88' lang='lat' dir='ltr'><strong>quam</strong></span> <span class='ocrx_word' id='word_1_177' title='bbox 413 2773 545 2837; x_wconf 86' lang='lat' dir='ltr'><strong>materia</strong></span> <span class='ocrx_word' id='word_1_178' title='bbox 564 2795 582 2835; x_wconf 90' lang='lat' dir='ltr'><strong>a</strong></span> <span class='ocrx_word' id='word_1_179' title='bbox 602 2771 702 2859; x_wconf 91' lang='lat' dir='ltr'><strong>priori</strong></span> <span class='ocrx_word' id='word_1_180' title='bbox 724 2769 902 2850; x_wconf 87' lang='lat' dir='ltr'><strong>diversum,</strong></span> <span class='ocrx_word' id='word_1_181' title='bbox 919 2772 954 2834; x_wconf 91' lang='lat' dir='ltr'><strong>in</strong></span> <span class='ocrx_word' id='word_1_182' title='bbox 971 2795 1038 2860; x_wconf 92' lang='lat' dir='ltr'><strong>quo</strong></span> <span class='ocrx_word' id='word_1_183' title='bbox 1056 2793 1152 2864; x_wconf 87' lang='lat' dir='ltr'><strong>poeta</strong></span> 
     </span>
     <span class='ocr_line' id='line_1_24' title="bbox 78 2871 1152 2962; baseline 0.003 -22"><span class='ocrx_word' id='word_1_184' title='bbox 78 2875 243 2956; x_wconf 87' lang='lat' dir='ltr'><strong>ostendit,</strong></span> <span class='ocrx_word' id='word_1_185' title='bbox 255 2892 395 2962; x_wconf 86' lang='lat' dir='ltr'><strong>quantus</strong></span> <span class='ocrx_word' id='word_1_186' title='bbox 405 2875 438 2938; x_wconf 93' lang='lat' dir='ltr'><strong>in</strong></span> <span class='ocrx_word' id='word_1_187' title='bbox 452 2871 666 2961; x_wconf 89' lang='lat' dir='ltr'><strong>vituperando</strong></span> <span class='ocrx_word' id='word_1_188' title='bbox 680 2888 774 2936; x_wconf 90' lang='lat' dir='ltr'><strong>esset.</strong></span> <span class='ocrx_word' id='word_1_189' title='bbox 790 2871 873 2935; x_wconf 88' lang='lat' dir='ltr'><strong>Sunt</strong></span> <span class='ocrx_word' id='word_1_190' title='bbox 886 2890 995 2938; x_wconf 87' lang='lat' dir='ltr'><strong>autem</strong></span> <span class='ocrx_word' id='word_1_191' title='bbox 1009 2879 1152 2943; x_wconf 88' lang='lat' dir='ltr'><strong>carmina</strong></span> 
     </span>
     <span class='ocr_line' id='line_1_25' title="bbox 79 2971 1149 3068; baseline 0.003 -26"><span class='ocrx_word' id='word_1_192' title='bbox 79 3000 180 3042; x_wconf 80' lang='lat' dir='ltr'><strong>unum</strong></span> <span class='ocrx_word' id='word_1_193' title='bbox 193 2976 365 3041; x_wconf 84' lang='lat' dir='ltr'><strong>etalterum</strong></span> <span class='ocrx_word' id='word_1_194' title='bbox 376 2976 409 3038; x_wconf 83' lang='lat' dir='ltr'><strong>in</strong></span> <span class='ocrx_word' id='word_1_195' title='bbox 422 2972 589 3064; x_wconf 71' lang='lat' dir='ltr'><strong>defitient,</strong></span> <span class='ocrx_word' id='word_1_196' title='bbox 608 2996 706 3038; x_wconf 83' lang='lat' dir='ltr'><strong>unum</strong></span> <span class='ocrx_word' id='word_1_197' title='bbox 716 2989 747 3037; x_wconf 85' lang='lat' dir='ltr'><strong>et</strong></span> <span class='ocrx_word' id='word_1_198' title='bbox 757 2971 893 3037; x_wconf 84' lang='lat' dir='ltr'><strong>altentm</strong></span> <span class='ocrx_word' id='word_1_199' title='bbox 905 2977 942 3040; x_wconf 79' lang='lat' dir='ltr'><strong>t&#39;n</strong></span> <span class='ocrx_word' id='word_1_200' title='bbox 954 2977 1149 3068; x_wconf 70' lang='lat' dir='ltr'><strong>Eutropium.</strong></span> 
     </span>
     <span class='ocr_line' id='line_1_26' title="bbox 80 3073 1203 3166; baseline 0.001 -23"><span class='ocrx_word' id='word_1_201' title='bbox 80 3078 186 3161; x_wconf 81' lang='lat' dir='ltr'><strong>illud,</strong></span> <span class='ocrx_word' id='word_1_202' title='bbox 207 3074 297 3166; x_wconf 84' lang='lat' dir='ltr'><strong>quod</strong></span> <span class='ocrx_word' id='word_1_203' title='bbox 316 3076 413 3141; x_wconf 88' lang='lat' dir='ltr'><strong>tertio</strong></span> <span class='ocrx_word' id='word_1_204' title='bbox 437 3078 510 3140; x_wconf 89' lang='lat' dir='ltr'><strong>loco</strong></span> <span class='ocrx_word' id='word_1_205' title='bbox 532 3076 703 3166; x_wconf 86' lang='lat' dir='ltr'><strong>ponimus,</strong></span> <span class='ocrx_word' id='word_1_206' title='bbox 720 3074 760 3137; x_wconf 91' lang='lat' dir='ltr'><strong>ab</strong></span> <span class='ocrx_word' id='word_1_207' title='bbox 779 3073 835 3155; x_wconf 91' lang='lat' dir='ltr'><strong>iis,</strong></span> <span class='ocrx_word' id='word_1_208' title='bbox 857 3097 929 3161; x_wconf 89' lang='lat' dir='ltr'><strong>quae</strong></span> <span class='ocrx_word' id='word_1_209' title='bbox 944 3078 1151 3164; x_wconf 87' lang='lat' dir='ltr'><strong>praecedunt,</strong></span> <span class='ocrx_word' id='word_1_210' title='bbox 1200 3098 1203 3109; x_wconf 89' lang='grc'><strong>’</strong></span> 
     </span>
     <span class='ocr_line' id='line_1_27' title="bbox 79 3174 1153 3265; baseline -0.001 -21"><span class='ocrx_word' id='word_1_211' title='bbox 79 3180 300 3261; x_wconf 86' lang='lat' dir='ltr'><strong>disjunctum,</strong></span> <span class='ocrx_word' id='word_1_212' title='bbox 323 3178 550 3265; x_wconf 90' lang='lat' dir='ltr'><strong>complectitur</strong></span> <span class='ocrx_word' id='word_1_213' title='bbox 577 3174 644 3239; x_wconf 91' lang='lat' dir='ltr'><strong>duo</strong></span> <span class='ocrx_word' id='word_1_214' title='bbox 660 3175 825 3255; x_wconf 85' lang='lat' dir='ltr'><strong>carmina,</strong></span> <span class='ocrx_word' id='word_1_215' title='bbox 850 3174 985 3239; x_wconf 87' lang='lat' dir='ltr'><strong>alterum</strong></span> <span class='ocrx_word' id='word_1_216' title='bbox 1008 3178 1048 3240; x_wconf 86' lang='lat' dir='ltr'><strong>de</strong></span> <span class='ocrx_word' id='word_1_217' title='bbox 1071 3179 1153 3244; x_wconf 69' lang='lat' dir='ltr'><strong>belh</strong></span> 
     </span>
     <span class='ocr_line' id='line_1_28' title="bbox 84 3275 1153 3369; baseline 0 -23"><span class='ocrx_word' id='word_1_218' title='bbox 84 3279 255 3346; x_wconf 68' lang='lat' dir='ltr'><strong>Gddonico</strong></span> <span class='ocrx_word' id='word_1_219' title='bbox 261 3327 271 3360; x_wconf 95' lang='lat'><strong>,</strong></span> <span class='ocrx_word' id='word_1_220' title='bbox 283 3279 419 3344; x_wconf 88' lang='lat' dir='ltr'><strong>alterum</strong></span> <span class='ocrx_word' id='word_1_221' title='bbox 427 3278 466 3341; x_wconf 87' lang='lat' dir='ltr'><strong>de</strong></span> <span class='ocrx_word' id='word_1_222' title='bbox 475 3277 556 3341; x_wconf 83' lang='lat' dir='ltr'><strong>bello</strong></span> <span class='ocrx_word' id='word_1_223' title='bbox 568 3277 676 3342; x_wconf 84' lang='lat' dir='ltr'><strong>Getico</strong></span> <span class='ocrx_word' id='word_1_224' title='bbox 686 3275 889 3362; x_wconf 89' lang='lat' dir='ltr'><strong>inscriptum.</strong></span> <span class='ocrx_word' id='word_1_225' title='bbox 898 3277 1025 3359; x_wconf 87' lang='lat' dir='ltr'><strong>Quarto</strong></span> <span class='ocrx_word' id='word_1_226' title='bbox 1035 3302 1153 3369; x_wconf 81' lang='lat' dir='ltr'><strong>genere</strong></span> 
     </span>
     <span class='ocr_line' id='line_1_29' title="bbox 79 3374 1156 3467; baseline 0.001 -20"><span class='ocrx_word' id='word_1_227' title='bbox 79 3381 295 3447; x_wconf 88' lang='lat' dir='ltr'><strong>continentur</strong></span> <span class='ocrx_word' id='word_1_228' title='bbox 309 3378 376 3443; x_wconf 89' lang='lat' dir='ltr'><strong>duo</strong></span> <span class='ocrx_word' id='word_1_229' title='bbox 392 3374 611 3467; x_wconf 85' lang='lat' dir='ltr'><strong>epithalamia,</strong></span> <span class='ocrx_word' id='word_1_230' title='bbox 626 3378 762 3441; x_wconf 82' lang='lat' dir='ltr'><strong>alterum</strong></span> <span class='ocrx_word' id='word_1_231' title='bbox 776 3376 816 3440; x_wconf 80' lang='lat' dir='ltr'><strong>de</strong></span> <span class='ocrx_word' id='word_1_232' title='bbox 828 3377 957 3464; x_wconf 83' lang='lat' dir='ltr'><strong>Nuptiis</strong></span> <span class='ocrx_word' id='word_1_233' title='bbox 974 3379 1110 3447; x_wconf 82' lang='lat' dir='ltr'><strong>Honon&#39;i</strong></span> <span class='ocrx_word' id='word_1_234' title='bbox 1125 3399 1156 3448; x_wconf 85' lang='lat' dir='ltr'><strong>et</strong></span> 
     </span>
     <span class='ocr_line' id='line_1_30' title="bbox 80 3477 1152 3570; baseline 0 -21"><span class='ocrx_word' id='word_1_235' title='bbox 80 3485 222 3565; x_wconf 64' lang='lat' dir='ltr'><strong>Maru,</strong></span> <span class='ocrx_word' id='word_1_236' title='bbox 246 3483 384 3545; x_wconf 86' lang='lat' dir='ltr'><strong>aiterum</strong></span> <span class='ocrx_word' id='word_1_237' title='bbox 409 3482 528 3545; x_wconf 81' lang='lat' dir='ltr'><strong>dictum</strong></span> <span class='ocrx_word' id='word_1_238' title='bbox 555 3479 708 3544; x_wconf 79' lang='lat' dir='ltr'><strong>Palladio</strong></span> <span class='ocrx_word' id='word_1_239' title='bbox 727 3493 758 3541; x_wconf 84' lang='lat' dir='ltr'><strong>et</strong></span> <span class='ocrx_word' id='word_1_240' title='bbox 778 3477 927 3542; x_wconf 66' lang='lat' dir='ltr'><strong>caterine</strong></span> <span class='ocrx_word' id='word_1_241' title='bbox 949 3479 1152 3570; x_wconf 90' lang='lat' dir='ltr'><strong>inscriptum.</strong></span> 
     </span>
     <span class='ocr_line' id='line_1_31' title="bbox 81 3577 1155 3674; baseline 0 -25"><span class='ocrx_word' id='word_1_242' title='bbox 81 3585 204 3651; x_wconf 88' lang='lat' dir='ltr'><strong>Omnia</strong></span> <span class='ocrx_word' id='word_1_243' title='bbox 228 3584 281 3647; x_wconf 92' lang='lat' dir='ltr'><strong>illa</strong></span> <span class='ocrx_word' id='word_1_244' title='bbox 305 3585 368 3647; x_wconf 91' lang='lat' dir='ltr'><strong>hoc</strong></span> <span class='ocrx_word' id='word_1_245' title='bbox 387 3582 510 3646; x_wconf 86' lang='lat' dir='ltr'><strong>habent</strong></span> <span class='ocrx_word' id='word_1_246' title='bbox 526 3603 717 3663; x_wconf 90' lang='lat' dir='ltr'><strong>commune,</strong></span> <span class='ocrx_word' id='word_1_247' title='bbox 734 3578 824 3667; x_wconf 93' lang='lat' dir='ltr'><strong>quod</strong></span> <span class='ocrx_word' id='word_1_248' title='bbox 845 3577 886 3642; x_wconf 89' lang='lat' dir='ltr'><strong>ad</strong></span> <span class='ocrx_word' id='word_1_249' title='bbox 908 3580 1036 3668; x_wconf 85' lang='lat' dir='ltr'><strong>epicum</strong></span> <span class='ocrx_word' id='word_1_250' title='bbox 1052 3608 1155 3674; x_wconf 80' lang='lat' dir='ltr'><strong>genus</strong></span> 
     </span>
     <span class='ocr_line' id='line_1_32' title="bbox 80 3681 1154 3775; baseline 0.001 -26"><span class='ocrx_word' id='word_1_251' title='bbox 80 3685 259 3775; x_wconf 89' lang='lat' dir='ltr'><strong>pertinent.</strong></span> <span class='ocrx_word' id='word_1_252' title='bbox 269 3684 381 3749; x_wconf 78' lang='lat' dir='ltr'><strong>Genus</strong></span> <span class='ocrx_word' id='word_1_253' title='bbox 395 3699 505 3746; x_wconf 90' lang='lat' dir='ltr'><strong>autem</strong></span> <span class='ocrx_word' id='word_1_254' title='bbox 518 3681 696 3745; x_wconf 82' lang='lat' dir='ltr'><strong>carminum</strong></span> <span class='ocrx_word' id='word_1_255' title='bbox 712 3703 844 3767; x_wconf 88' lang='lat' dir='ltr'><strong>prorsus</strong></span> <span class='ocrx_word' id='word_1_256' title='bbox 856 3682 1016 3767; x_wconf 90' lang='lat' dir='ltr'><strong>peculiare</strong></span> <span class='ocrx_word' id='word_1_257' title='bbox 1032 3689 1154 3752; x_wconf 88' lang='lat' dir='ltr'><strong>consti-</strong></span> 
     </span>
     <span class='ocr_line' id='line_1_33' title="bbox 78 3781 1194 3875; baseline -0.013 -22"><span class='ocrx_word' id='word_1_258' title='bbox 78 3803 183 3854; x_wconf 90' lang='lat' dir='ltr'><strong>tuunt</strong></span> <span class='ocrx_word' id='word_1_259' title='bbox 201 3809 255 3867; x_wconf 89' lang='lat' dir='ltr'><strong>ea,</strong></span> <span class='ocrx_word' id='word_1_260' title='bbox 283 3808 354 3873; x_wconf 88' lang='lat' dir='ltr'><strong>quae</strong></span> <span class='ocrx_word' id='word_1_261' title='bbox 372 3782 601 3872; x_wconf 82' lang='lat' dir='ltr'><strong>prcefationum</strong></span> <span class='ocrx_word' id='word_1_262' title='bbox 619 3781 729 3845; x_wconf 83' lang='lat' dir='ltr'><strong>titulos</strong></span> <span class='ocrx_word' id='word_1_263' title='bbox 746 3781 778 3844; x_wconf 93' lang='lat' dir='ltr'><strong>in</strong></span> <span class='ocrx_word' id='word_1_264' title='bbox 801 3783 908 3846; x_wconf 84' lang='lat' dir='ltr'><strong>fronte</strong></span> <span class='ocrx_word' id='word_1_265' title='bbox 926 3802 1060 3871; x_wconf 81' lang='lat' dir='ltr'><strong>gerunt,</strong></span> <span class='ocrx_word' id='word_1_266' title='bbox 1081 3790 1154 3875; x_wconf 74' lang='lat' dir='ltr'><strong>qui.</strong></span> <span class='ocrx_word' id='word_1_267' title='bbox 1191 3869 1194 3873; x_wconf 13' lang='grc' dir='ltr'><strong>Δ</strong></span> 
     </span>
    </p>
   </div>
   <div class='ocr_carea' id='block_1_5' title="bbox 126 3981 785 4054">
    <p class='ocr_par' dir='ltr' id='par_1_5' title="bbox 126 3981 785 4054">
     <span class='ocr_line' id='line_1_34' title="bbox 126 3981 785 4054; baseline -0.011 -10"><span class='ocrx_word' id='word_1_268' title='bbox 126 4009 152 4044; x_wconf 76' lang='grc' dir='ltr'><strong>ι,</strong></span> <span class='ocrx_word' id='word_1_269' title='bbox 174 3990 249 4042; x_wconf 83' lang='lat' dir='ltr'><strong>Poet.</strong></span> <span class='ocrx_word' id='word_1_270' title='bbox 265 3989 308 4039; x_wconf 87' lang='lat' dir='ltr'><strong>lat.</strong></span> <span class='ocrx_word' id='word_1_271' title='bbox 323 3986 389 4040; x_wconf 90' lang='lat' dir='ltr'><strong>min.</strong></span> <span class='ocrx_word' id='word_1_272' title='bbox 406 3987 438 4039; x_wconf 86' lang='lat' dir='ltr'><strong>T.</strong></span> <span class='ocrx_word' id='word_1_273' title='bbox 452 3987 500 4049; x_wconf 77' lang='lat' dir='ltr'><strong>IV,</strong></span> <span class='ocrx_word' id='word_1_274' title='bbox 515 3985 545 4037; x_wconf 88' lang='lat' dir='ltr'><strong>P.</strong></span> <span class='ocrx_word' id='word_1_275' title='bbox 562 3985 588 4040; x_wconf 87' lang='grc' dir='ltr'><strong>Ι,</strong></span> <span class='ocrx_word' id='word_1_276' title='bbox 604 4002 663 4054; x_wconf 84' lang='lat' dir='ltr'><strong>pag.</strong></span> <span class='ocrx_word' id='word_1_277' title='bbox 680 3981 715 4050; x_wconf 66' lang='lat'><strong>39</strong></span> <span class='ocrx_word' id='word_1_278' title='bbox 728 4002 785 4054; x_wconf 88' lang='lat' dir='ltr'><strong>sqq.</strong></span> 
     </span>
    </p>
   </div>
   <div class='ocr_carea' id='block_1_6' title="bbox 0 0 1367 4808">
    <p class='ocr_par' dir='ltr' id='par_1_6' title="bbox 0 0 1367 4808">
     <span class='ocr_line' id='line_1_35' title="bbox 0 0 1367 4808; baseline 0 0"><span class='ocrx_word' id='word_1_279' title='bbox 0 0 1367 4808; x_wconf 95' lang='lat' dir='ltr'><strong> </strong></span> 
     </span>
    </p>
   </div>
  </div>
 </body>
</html>
