2686 4808
333 378 389 445 ru
417 378 492 447 en.
521 334 901 446 euaunrauun.
1101 404 1147 476 η

73 497 280 587 expostulat,
294 495 400 584 quod,
417 496 444 560 si
461 497 598 561 omnino
611 497 750 563 voluerit
766 520 896 561 servum
909 497 1013 562 lacere
1030 521 1150 564 consu-

76 599 164 679 lem,
183 620 250 661 non
266 596 407 685 probunt
427 612 460 660 et
477 598 581 685 frugi,
598 597 655 661 sed
675 597 946 681 abjectissimum,
963 598 1021 663 sed
1038 599 1150 664 infini·
1224 670 1228 679 ,

76 713 192 763 torum
204 697 415 763 dominorum
429 699 575 787 elegerit,
588 699 724 786 quinon
734 699 871 787 amplius
882 698 979 764 vendi
989 748 999 781 ,
1008 723 1051 765 ne
1062 700 1151 766 dono

77 798 214 887 quidem
223 797 515 886 cuiquamobtrudi
523 799 799 886 potuissetverba
807 816 840 864 et
848 801 1151 890 sententie,quibus

77 900 152 964 haec
167 899 339 990 expressit,
355 898 544 980 hujusmodi
569 916 664 983 sunt,
685 918 723 966 ut
742 902 967 967 vehementius
986 918 1018 967 et
1033 921 1150 969 eontu-

77 1000 248 1066 meliosius
264 999 347 1064 nihil
364 1001 468 1089 possit
484 1000 668 1090 excogitari.
686 1003 850 1067 Potuisses
869 1019 1071 1092 exspectare,
1084 1005 1151 1085 jam

76 1103 279 1167 satisfactum
295 1123 365 1167 esse
381 1100 594 1166 maledicendi
618 1100 741 1184 officio,
764 1102 855 1191 quod
875 1102 1060 1169 assentandi
1082 1119 1151 1168 stu·

76 1204 175 1269 dium
189 1219 293 1292 poetae
313 1202 533 1292 imposuerat,
546 1224 662 1265 verum
679 1202 733 1264 illa
751 1204 860 1266 omnia
877 1203 1002 1269 exordii
1022 1219 1149 1267 tantum

75 1305 168 1370 vines
188 1305 367 1385 sustinent,
383 1304 557 1392 statimque
576 1303 823 1392 cognoscimus,
839 1317 969 1392 poetam
987 1304 1022 1367 in
1041 1303 1150 1369 animo

77 1374 310 1485 lubere,nihil
323 1403 584 1492 pretermittere,
598 1402 688 1490 quod
699 1403 888 1467 memoriam
900 1404 993 1468 istius
1007 1404 1151 1469 hominis

77 1504 189 1593 aliqua
202 1504 327 1568 ratione
345 1504 447 1592 possit
462 1503 638 1568 diffamare.
658 1504 777 1592 Incipit
790 1505 877 1567 enim
892 1528 911 1568 a
924 1506 1028 1594 prima
1044 1506 1152 1593 pueri-

77 1606 142 1688 tia,
151 1628 254 1693 saque
267 1606 382 1682 etiarn,
394 1628 466 1693 quae
478 1605 619 1669 fortune
629 1604 777 1685 fuerant,
790 1627 913 1692 suaque
927 1622 1043 1669 natura
1054 1606 1150 1670 mise·

76 1705 240 1769 rationem
248 1705 356 1793 potius
367 1727 464 1793 quam
475 1704 630 1770 invidiam
643 1727 774 1769 movere
785 1705 908 1787 solent,
918 1729 1045 1769 summa
1054 1706 1152 1771 inhu-

78 1806 236 1870 manitate
255 1806 304 1869 vel
318 1807 427 1894 potius
446 1804 636 1870 crudelitate
649 1806 683 1868 in
700 1804 878 1869 ludibrium
895 1806 988 1870 istius
1002 1805 1150 1889 adhibet,

78 1905 231 1994 dumque
242 1929 281 1970 ea
302 1906 355 1970 vel
372 1922 482 1970 mente
498 1906 629 1988 recolit,
645 1906 697 1969 vel
715 1903 856 1994 effingit,
876 1907 966 1969 velut
985 1906 1150 1971 letissimo
1181 1938 1184 1943 ·

78 2009 265 2096 spectaculo
285 2007 350 2071 frui
369 2007 507 2071 videtur.
528 2008 577 2071 Ex
592 2007 643 2071 his
666 2007 765 2070 rebus
784 2006 885 2070 seculi
905 2030 1012 2072 mores
1028 2031 1152 2097 cogno·

78 2130 167 2191 ems,
182 2109 303 2197 quibus
326 2109 399 2172 talia
424 2109 550 2196 placere
571 2108 748 2195 potuerint.
774 2108 813 2170 In
838 2108 1068 2195 sequentibus,
1095 2108 1151 2173 ubi

77 2210 181 2274 vitam
192 2210 344 2300 spadonis
358 2232 462 2297 usque
475 2209 516 2272 ad
530 2225 655 2273 aetatem
672 2207 741 2287 ejus
755 2208 914 2271 exoletam
930 2209 1150 2295 prosequitur,
1251 2214 1266 2229 '

78 2310 178 2375 talem
195 2311 387 2392 verborum,
403 2309 656 2390 sententiarum,
676 2325 710 2374 et
724 2307 975 2372 similitudinum
989 2307 1151 2374 delectum

79 2412 198 2494 habet,
211 2428 249 2476 ut
260 2435 300 2477 ex
312 2413 409 2476 altera
421 2427 511 2499 parte
522 2411 691 2500 ingenium
705 2409 848 2489 mireris,
860 2431 901 2473 ex
912 2408 1011 2472 altera
1022 2408 1151 2491 doleas,

80 2511 207 2576 doum
233 2511 313 2576 illud
337 2528 459 2577 naturae
484 2512 519 2574 in
543 2534 579 2575 re
604 2526 669 2575 tarn
692 2511 780 2599 turpi
808 2533 877 2575 esse
905 2527 1150 2599 consumptum.

78 2613 262 2701 Imaginem
278 2613 365 2676 enim
383 2613 492 2676 miseri
510 2612 652 2676 hominis
671 2613 820 2676 videmus
836 2612 991 2675 omnibus
1007 2613 1152 2676 numeris

78 2713 279 2795 absolutam,
295 2729 334 2777 ut
358 2713 399 2785 ad
421 2712 599 2778 foeditatem
624 2730 657 2778 et
681 2713 923 2778 obscoenitatem
947 2713 1028 2777 nihil
1050 2714 1153 2801 possit

79 2813 168 2879 addi.
178 2815 402 2903 Quaecumque
411 2816 493 2879 mala
502 2831 650 2879 senectus
660 2814 1015 2902 decrepitaetnegleeta
1022 2814 1151 2898 allerat,

79 2916 116 2979 iu
132 2915 228 2980 istam
242 2933 334 2980 aucta
352 2917 448 2981 etiam
463 2932 497 2980 et
507 2915 698 3003 amplificata
713 2930 866 3005 congesta
881 2930 969 2979 sunt.
985 2914 1048 2978 Sed
1064 2916 1153 3004 piget

78 3017 150 3081 istis
168 3017 267 3081 rebus
287 3017 410 3082 diutius
429 3018 614 3093 immorari,
628 3017 662 3080 in
680 3017 820 3104 quibus,
839 3031 999 3103 quantum
1015 3016 1075 3078 arti
1092 3017 1151 3079 tri·

79 3118 154 3182 buit
176 3134 290 3206 poeta,
309 3135 437 3183 tantum
457 3119 497 3182 ab
515 3119 717 3183 humanitate
740 3116 901 3196 discessit3
920 3132 954 3179 et
977 3139 1048 3203 quae
1066 3115 1152 3180 dieta

77 3233 174 3295 sunt,
186 3236 326 3306 possunt
336 3218 484 3283 sufficere
496 3219 537 3282 ad
549 3217 805 3300 ostendendum,
818 3216 938 3304 quibus
949 3217 1151 3282 lineamentis

79 3332 115 3382 et
130 3317 295 3382 doloribus
313 3342 391 3383 usus
415 3321 456 3383 sit
469 3319 503 3382 in
525 3318 712 3383 adversariis
729 3316 968 3398 describendis,
981 3340 1045 3403 qua
1063 3319 1097 3380 in
1116 3342 1151 3382 re

82 3442 153 3484 non
177 3419 306 3485 dubitat
327 3444 459 3486 ornnem
486 3420 719 3510 probabilitatis
743 3420 847 3508 legem
874 3418 1028 3506 migrare,
1054 3418 1151 3483 durn-

77 3519 182 3584 modo
197 3539 305 3601 curet,
321 3545 362 3587 ne
373 3522 577 3611 turpitudine
593 3522 700 3610 aliqua
717 3499 841 3609 iulgari
861 3520 1003 3608 insignes
1019 3523 1150 3610 conspi-

76 3634 217 3686 crentur.
