2686 4808
155 365 208 421 χιι
356 345 422 413 DE
450 347 684 417 CLAUDIO
711 349 1033 420 CLAUDIANO

182 557 292 623 lanus
315 557 525 625 Parrhasius
546 559 819 653 Neapolitanus,
841 564 877 627 in
897 562 981 628 Vita
1006 557 1197 628 Claudiani.

215 742 279 809 «Si
305 741 388 809 nihil
411 741 499 810 aliud
523 742 565 810 ad
587 743 769 812 claritatem
793 746 843 813 sui
864 744 1007 838 nominis
1028 742 1227 812 Alexandria

157 846 372 940 protulisset,
396 845 637 936 illustraretur,
656 847 821 935 Hercule,
842 848 896 918 vel
922 875 990 919 uno
1015 848 1200 920 Claudiano
1218 877 1227 938 ;

159 953 215 1045 qui
233 966 353 1047 praeter
374 954 497 1048 ingenii
521 970 751 1045 monumenta,
766 980 839 1050 quae
861 955 902 1024 de
921 981 956 1026 se
975 956 1175 1052 praedicant,
1193 957 1228 1024 in

159 1059 226 1126 vita
246 1073 357 1127 tantus
374 1059 452 1146 fuit,
470 1075 508 1129 ut
522 1060 664 1131 Arcadio
681 1063 899 1157 Honorioque
917 1076 1047 1156 gratus,
1062 1061 1228 1156 amplissi-

158 1164 222 1233 mis
238 1163 281 1234 ab
299 1179 441 1259 utroque
458 1168 652 1237 muneribus
669 1168 921 1254 honestaretur,
938 1182 971 1236 et
988 1183 1112 1254 statua,
1126 1184 1188 1238 etc.
1201 1199 1218 1234 n

332 1380 415 1447 Piso
439 1393 475 1446 et
497 1382 601 1450 Picus
621 1404 710 1476 puer
733 1379 833 1476 apud
856 1380 1054 1474 Gyraldum.

217 1561 348 1630 «Istius
371 1585 433 1655 ego
452 1564 561 1631 Poetae
579 1585 598 1629 a
616 1564 731 1657 primis
748 1587 853 1658 usque
872 1563 966 1631 annis
980 1561 1146 1630 studiosus
1164 1563 1230 1649 fui;

160 1666 232 1760 ejus
247 1667 336 1736 enim
351 1668 432 1736 mihi
447 1693 582 1738 carmen
597 1694 665 1737 non
680 1694 839 1738 sonorum
855 1667 956 1737 modo
969 1683 1003 1737 et
1016 1666 1164 1763 elegans,
1174 1668 1231 1737 sed

161 1787 195 1841 et
210 1773 365 1842 floridum
388 1799 518 1870 semper
539 1779 646 1845 visum
665 1790 738 1845 est:
758 1774 845 1844 idem
864 1774 975 1845 dicere
994 1771 1078 1843 velle
1096 1774 1231 1843 videba-

162 1893 218 1946 tur
237 1903 320 1974 puer
341 1881 447 1949 Picus.
461 1911 478 1946 ι)

188 2071 384 2172 Stephanus
404 2080 577 2149 Cluverius
588 2134 599 2167 ,
620 2085 656 2148 in
674 2079 785 2185 Praef.
805 2079 857 2148 ad
875 2077 1061 2150 Claudiam·
1073 2079 1205 2173 Aunot.

217 2257 420 2331 Claudianus
435 2264 554 2348 Poeta,
573 2292 590 2326 a
601 2266 659 2358 qui
674 2288 740 2331 non
755 2264 875 2356 injuria
890 2264 1069 2347 maximus,
1082 2260 1185 2344 altus,
1201 2276 1235 2329 ot

163 2367 332 2436 animosus
350 2368 495 2436 audiat..
514 2415 523 2431 .
541 2416 549 2430 .
565 2370 687 2454 Poeta,
701 2393 799 2463 quem
820 2370 855 2436 in
875 2366 995 2436 osculis
1013 2367 1158 2438 habebat
1175 2371 1233 2436 Ja-

164 2471 268 2541 cohus
284 2472 339 2542 ille
357 2473 514 2567 Cujacius
527 2503 544 2538 »
564 2477 582 2542 J
585 2473 873 2544 ureconsultorum
891 2473 1009 2569 aquila.

259 2678 411 2744 Ioannes
430 2675 636 2744 Borclrolteu
652 2691 689 2743 et
705 2680 740 2745 V
739 2675 872 2762 inuitat,
894 2677 1139 2746 duriscousulti.

224 2894 241 2928 (ι
252 2868 329 2933 lluo
347 2867 515 2958 pertinent
531 2861 764 2958 elegantissimi
782 2878 816 2932 et
836 2864 1038 2958 antiquitatis
1057 2863 1145 2958 pleni
1164 2888 1236 2931 ver-

167 2997 222 3042 sus
242 2969 415 3041 Claudiani
437 2973 470 3037 in
489 2984 609 3064 quarto
630 2967 813 3043 Consulatu
828 2972 988 3054 Honorii,
1011 2971 1141 3065 Aspice
1155 2993 1239 3038 moa

167 3080 301 3163 laetam,
321 3093 383 3146 etc.
399 3108 416 3143 2>
439 3076 503 3145 Sed
523 3077 611 3145 idem
634 3075 834 3145 Boreholten
854 3074 940 3145 male
954 3076 1071 3144 tribuit
1091 3078 1238 3144 Ausonio

169 3186 234 3254 hoc
250 3185 458 3270 Disticlrum,
483 3213 499 3247 «
514 3182 659 3278 direptas
681 3183 759 3278 quid
778 3181 906 3278 plangis
921 3208 1020 3277 opes,
1039 3197 1100 3251 etc.
1116 3211 1134 3247 n
1161 3205 1238 3249 nam

170 3285 345 3362 Claudiani
366 3293 470 3360 nostri
492 3305 558 3377 est,
585 3293 656 3374 cui,
684 3315 725 3359 ex
747 3292 871 3358 Vinnio
895 3290 1111 3383 iurisperito,
1136 3288 1243 3384 tepide·

165 3398 241 3489 joci
258 3399 293 3464 in
311 3400 511 3492 Eutropium
531 3403 709 3466 materiem
731 3396 847 3465 tribuit
862 3401 1020 3491 parentis
1039 3393 1228 3489 appellatio.

275 3593 384 3661 tutan
409 3595 530 3662 Caesar
548 3593 721 3684 Scaliger,
745 3593 901 3659 Poettees
925 3589 980 3657 lib.
1003 3592 1071 3673 VI,
1100 3587 1132 3658 5.

222 3782 410 3851 «Maximus
420 3795 519 3873 poeta
528 3776 1036 3870 Claudianus,soloargumento
1046 3772 1243 3869 ignobiliore
1276 3816 1279 3828 ·

173 3913 367 3985 oppressus,
381 3885 473 3955 addit
485 3886 527 3955 de
543 3887 690 3980 ingenio,
705 3898 867 3978 quantum
884 3882 976 3952 deest
984 3883 1138 3950 materiae.
1153 3878 1243 3948 Felix

172 4001 205 4066 in
231 4021 271 4065 oo
295 3993 401 4081 calor,
423 3990 531 4064 cultus
557 4018 626 4062 non
648 3993 791 4077 invisus,
817 4004 1037 4085 temperatum
1059 3988 1247 4080 judicium,
