2686 4808
144 382 187 428 ια
464 357 875 425 PROLEGOMENA

138 478 307 566 complecti
324 493 423 565 atque
440 479 474 541 in
487 490 643 564 promptu
661 474 782 539 babere
798 475 1025 562 unusquisque
1040 494 1152 564 posset
1167 479 1201 544 ad

136 580 310 645 sententias
332 599 546 666 quascunque
569 576 694 664 poetiea
710 592 800 641 veste
817 575 1011 641 induendas.
1028 579 1079 641 lta
1099 601 1137 642 se
1157 600 1201 645 res

134 680 274 745 babebat
287 679 351 745 sub
364 679 541 744 serioribus
558 677 827 765 imperatoribus,
838 676 913 757 ubi,
924 691 963 740 ut
976 695 1201 760 monumenta,

135 804 210 868 quae
229 797 356 845 aetatem
374 803 414 844 ex
432 780 487 844 illo
505 801 574 842 aero
594 779 712 858 tulere,
731 779 806 842 satis
823 776 955 843 abunde
971 795 1152 863 testantur,
1169 803 1201 844 er

133 881 349 946 laceratorum
363 898 397 946 et
410 880 691 945 comminatorum
703 880 886 943 carminum
899 879 968 959 ejus
982 880 1099 960 etatis,
1108 903 1201 968 quam

133 999 252 1046 vomnt
272 1004 420 1056 auream,
437 980 626 1069 fragmentis
645 979 721 1042 satis
739 978 875 1042 ridicule
889 977 1056 1044 interdum
1074 980 1201 1063 comtis,

135 1105 218 1146 nova
229 1083 372 1146 carmina
380 1080 673 1168 componebantur,
687 1101 746 1142 seu
757 1080 866 1167 potius
874 1081 1043 1144 Musarum
1055 1079 1198 1147 ludibria

135 1183 377 1269 Exquibuses,
388 1180 875 1269 quaeoptimasunt,externam
886 1197 1014 1244 tantum
1023 1182 1201 1247 carminum

134 1282 276 1370 speciem
294 1281 492 1361 induerunt,
510 1302 692 1366 eorumque
708 1296 858 1344 auctores
871 1280 906 1345 id
924 1279 1024 1345 modo
1037 1300 1201 1348 consecut

133 1399 230 1462 sunt,
247 1397 286 1446 ut
297 1382 405 1446 verbis
418 1380 611 1445 sonantibus
625 1402 830 1469 numeroque
844 1398 877 1446 et
898 1383 1119 1447 concinnitate
1133 1408 1201 1450 vcr-

133 1504 232 1545 suum
254 1482 389 1547 auribus
416 1482 607 1570 colligerent
631 1502 734 1565 escas,
762 1504 903 1570 quarum
921 1484 1070 1571 voluptas
1098 1500 1201 1552 tamer

133 1583 251 1647 mentis
269 1582 398 1647 fastidio
414 1582 464 1645 vel
480 1582 640 1645 minuitur
650 1583 701 1645 vel
716 1582 852 1647 tollitur.
865 1586 904 1647 ln
919 1585 1011 1647 omni
1032 1585 1121 1649 enim
1139 1611 1201 1652 mn

135 1683 239 1764 mine,
256 1682 348 1771 quod
363 1705 431 1746 non
444 1683 571 1770 impetu
587 1681 730 1768 quodam
745 1699 778 1746 et
791 1683 906 1748 ardore
920 1686 1039 1749 mentis
1053 1708 1112 1749 seu
1126 1709 1201 1752 con·

135 1784 345 1871 templatione
370 1806 428 1847 seu
447 1783 644 1872 cogitatione
661 1783 797 1863 alicujus
819 1786 865 1848 rei
882 1803 1055 1851 commotae
1075 1788 1192 1855 lusum

134 1885 192 1950 sed
209 1883 322 1975 frigida
338 1901 575 1973 praeceptorum
597 1884 823 1949 observatione
840 1904 1015 1951 consutum
1038 1904 1101 1970 est,
1118 1893 1201 1956 nulla

136 1986 241 2051 vivida
249 1987 297 2050 vis
307 2008 366 2051 seu
375 1984 484 2049 divina
495 1983 643 2072 quiedam
653 2008 731 2049 aura
740 1987 876 2050 lectores
887 2005 920 2052 et
929 1988 1093 2054 auditores
1103 1991 1194 2058 afflat

137 2104 176 2153 ut
191 2087 289 2153 rebus
304 2086 518 2176 praesentibus
537 2086 629 2173 quasi
646 2088 746 2151 emoti
767 2102 901 2176 arteque
916 2090 1041 2177 magica
1054 2090 1089 2152 in
1105 2113 1201 2156 nova⁴

134 2191 283 2281 regiones
299 2188 396 2254 delati
421 2190 515 2253 aliam
533 2204 566 2252 et
583 2188 772 2257 inusitatam
782 2210 902 2258 ,rerum
922 2190 1060 2253 formam
1080 2191 1145 2255 sibi
1161 2193 1201 2257 vi·

135 2291 275 2358 deantur
283 2294 441 2380 aspicere,
456 2312 626 2377 novosque
640 2306 673 2354 et
686 2291 835 2354 insolitos
845 2291 946 2354 animi
956 2308 1065 2355 motus
1075 2294 1200 2359 sentire

135 2416 279 2480 quorum
293 2392 502 2480 perceptione
518 2390 739 2477 voluptatibus
749 2390 992 2471 jucundissimis
1004 2393 1201 2481 perfundan-

136 2509 204 2572 tur3
215 2492 290 2573 sed,
300 2490 381 2556 dum
392 2513 485 2555 aures
497 2491 547 2554 vel
557 2492 695 2556 maxime
709 2492 904 2581 implentur,
914 2495 1042 2558 animus
1052 2496 1201 2584 languet,

136 2617 278 2682 eumque
294 2592 423 2658 sudoris
439 2592 587 2682 vestigia,
599 2615 697 2679 quem
714 2595 808 2658 anxia
817 2612 850 2660 et
859 2617 994 2682 operosa
1007 2596 1084 2659 artis
1094 2595 1201 2660 obser·

135 2695 221 2759 vatio
237 2695 406 2783 expressit,
425 2693 545 2784 frigore
561 2694 692 2759 feriunt.
708 2697 810 2785 Magis
827 2697 923 2760 etiam
938 2698 1007 2760 haec
1022 2699 1132 2763 locum
1150 2699 1201 2763 ha·

136 2798 216 2861 bent
232 2799 265 2860 in
276 2798 465 2861 inventione
481 2813 514 2861 et
530 2798 782 2886 compositione,
799 2821 871 2886 quae
889 2797 930 2861 ad
945 2814 1032 2862 certa
1047 2816 1201 2887 praecepta

136 2900 278 2963 revocari
297 2900 466 2986 nequibat;
483 2899 624 2985 quamsi
641 2899 811 2988 respicias,
824 2899 910 2963 facili
927 2899 1059 2988 negotio
1075 2918 1191 2986 poetas

137 2999 256 3087 quibus
274 3000 483 3064 nascentibus
503 2999 606 3063 Musae
627 3001 810 3082 arriserint,
828 3000 869 3064 ab
887 3000 948 3064 illis
964 3001 1066 3089 possis
1086 3000 1201 3090 digno·

84 3092 89 3101 ’
136 3125 236 3184 scere,
249 3092 312 3191 quil
320 3104 466 3166 furorem
480 3102 666 3165 simulatum
679 3102 847 3190 quibusvis
866 3102 963 3165 rebus
972 3103 1092 3191 potius,
1106 3125 1201 3189 quan

135 3203 276 3266 fontium
298 3201 484 3266 divinorum
512 3202 684 3267 haustibus
705 3202 864 3283 debeant,
887 3203 1011 3267 etiamsi
1034 3204 1067 3267 id
1093 3208 1201 3290 quavis

134 3304 249 3393 pagina
266 3304 316 3367 vel
332 3302 437 3366 verbis
455 3305 619 3391 conceptis
631 3306 751 3384 jurent.

179 3404 293 3486 Quum
315 3404 421 3467 omnis
438 3405 580 3491 poetices
598 3406 680 3469 ratio
699 3406 785 3492 apud
802 3407 966 3469 Romanos
983 3407 1017 3470 in
1034 3406 1125 3468 hunc
1142 3424 1201 3473 sta·

135 3523 205 3570 tum
231 3521 315 3569 esset
341 3504 461 3586 delata,
480 3522 518 3569 ut
539 3522 607 3569 arte
630 3506 730 3594 magis
750 3529 848 3593 quam
867 3507 1000 3595 ingenio
1020 3525 1201 3596 regeretur,

134 3623 247 3672 natum
256 3607 542 3696 estpanegyricum
553 3629 655 3696 genus
662 3607 1037 3695 carminum,nonplane
1046 3608 1201 3676 hactenus

134 3707 335 3789 inauditum,
353 3706 410 3772 sed
426 3708 532 3795 spetie
549 3709 671 3796 aliqua,
689 3731 786 3796 quam
805 3708 923 3797 origini
942 3708 1072 3789 debuit,
1090 3709 1201 3800 singu·

134 3811 192 3876 lari
209 3831 342 3873 novum.
356 3808 456 3890 Quod
466 3809 493 3873 si
504 3809 591 3872 enim
602 3827 751 3874 naturam
763 3810 894 3875 illorum
908 3811 1090 3875 carminum
1103 3812 1201 3879 solam

133 3927 274 4002 spectes,
293 3912 359 3972 huc
379 3910 490 3972 referri
513 3927 650 3997 possunt
665 3912 790 3993 omnia,
808 3911 842 3974 in
860 3912 980 3999 quibus
997 3910 1108 3975 laudes
1125 3911 1201 3977 deo·

131 4039 206 4079 rum
229 4013 278 4077 vel
296 4011 434 4075 heroum
451 4012 501 4077 vel
520 4013 664 4076 virorum
679 4013 853 4077 illustrium
870 4012 1118 4077 celebrabantur
1135 4035 1201 4080 non
