2686 4808
139 375 183 420 ro
458 351 869 419 PROLEGOMENA

132 474 189 560 qui
201 473 302 537 multa
315 472 471 536 Veterum
487 471 625 537 lectione
640 488 733 537 eraut
746 470 876 552 imbuti,
888 470 1126 561 ingeniumque
1136 475 1207 541 illa-

132 597 207 638 rum
223 595 333 639 rerum
351 572 620 661 pervestigatione
642 590 806 639 acuerant.
829 574 878 638 Ex
902 573 953 637 hia
976 574 1070 639 l'aeile
1090 593 1206 664 potest

130 674 251 764 colligi,
263 675 367 762 qualis
375 673 474 741 fuerit
482 688 650 761 poetarum
660 674 800 741 habitus.
810 674 945 763 Ingenia
954 676 1080 743 exculta
1088 693 1123 742 et
1133 678 1206 743 ele-

131 777 237 865 gantia
254 797 321 840 non
332 774 481 856 deerant;
495 773 553 841 sed
566 797 680 842 omnes
689 775 976 851 fereiuventionis‚
987 799 1060 864 quar
1072 801 1206 847 summa

131 875 272 964 poetices
282 874 755 964 est‚laudeearebant,illaque
763 877 1048 965 simplicitateeum
1056 880 1207 946 sublimi·

91 1034 95 1045 ,
132 993 198 1041 tate
210 977 507 1064 conjuncta,quam
515 993 685 1066 tantopere
695 979 730 1042 in
741 978 980 1065 antiquioribus
991 978 1206 1063 admiramur,

132 1093 224 1143 erant
242 1075 400 1145 destituti.
423 1078 535 1143 Oratio
555 1100 671 1145 eorum
693 1095 727 1147 et
746 1077 849 1143 nitida
868 1095 901 1145 et
918 1097 1002 1146 tersa
1020 1082 1207 1168 palaestram

132 1194 165 1245 et
184 1178 476 1267 oleumsapiebat,
498 1202 636 1267 eamque
650 1179 888 1247 commendare
908 1181 1056 1247 solebant
1076 1183 1206 1272 ingenti
1247 1254 1250 1259 ,

132 1276 288 1347 doctrinae
306 1280 416 1367 copia,
430 1302 550 1369 magno
569 1280 758 1368 mythorum
776 1297 809 1345 et
823 1281 966 1347 historiae
979 1282 1123 1370 a'ntiquae
1134 1300 1209 1351 stu·

133 1377 201 1460 dio,
217 1396 251 1444 et
265 1382 410 1446 numeris
426 1403 580 1446 versuum
595 1382 735 1451 maxime
747 1383 876 1464 exactis,
892 1383 1207 1471 onminoqueuatu·

133 1482 193 1547 rali
211 1499 381 1549 venustate
396 1483 581 1572 repudiata,
606 1484 683 1549 artis
696 1482 854 1551 illecebris
869 1483 994 1571 placere
1015 1484 1208 1573 cupiebant.

133 1581 172 1647 In
185 1583 247 1649 hae
257 1586 425 1650 communi
436 1587 605 1672 poetarum
617 1582 911 1653 Alexandrinorum
925 1586 1065 1675 imagine
1077 1609 1094 1649 a
1107 1586 1208 1652 uobis

134 1682 336 1761 adumbrata,
345 1686 448 1773 prima
457 1687 547 1773 quasi
557 1687 751 1753 lineamenta
757 1687 822 1766 jam
833 1685 931 1751 ducta
940 1706 1027 1762 suut,
1038 1690 1209 1777 exquibus

133 1785 477 1876 Claudianiingenium
486 1787 714 1875 scribendique
723 1811 837 1877 genus,
845 1788 937 1875 quod
946 1805 1211 1871 secutusestco·

134 1889 246 1975 gnosei
257 1890 368 1976 possit,
376 1891 562 1978 quippequi
570 1889 815 1954 similitudinem
823 1888 892 1968 cjns
900 1890 1068 1955 familiaria
1076 1913 1142 1978 qua
1152 1914 1211 1957 na·

135 2004 188 2057 tus
197 2006 247 2054 est
256 2007 288 2054 et
296 1990 512 2066 educatus,in
523 1990 751 2054 omnibussuis
759 1990 957 2054 carminibus
966 2014 1032 2078 prae
1040 1992 1175 2056 ecferat.

180 2091 297 2156 Adhuc
315 2092 444 2172 juvenis
462 2092 497 2156 in
520 2091 708 2156 Graecorum
733 2091 858 2178 scriptis
880 2107 1042 2173 versatus,
1061 2113 1209 2179 quorum

134 2216 285 2257 sermone
303 2194 401 2259 etiam
418 2195 576 2259 hactenus
595 2194 628 2256 in
646 2191 845 2257 carminibus
863 2191 1018 2257 iaciendis
1037 2213 1116 2259 usus
1135 2214 1210 2257 esse

134 2293 291 2377 videtur,
309 2296 419 2360 nescio
437 2318 505 2383 quo
518 2317 595 2358 casu
611 2311 644 2357 et
656 2317 724 2388 quo
744 2316 831 2360 anno
850 2296 986 2359 Romam
1003 2310 1053 2366 est
1067 2293 1209 2365 delatus.

135 2394 187 2458 Ibi
210 2393 454 2459 alexandrinum
484 2395 565 2460 illud
589 2395 758 2483 ingenium
784 2394 909 2459 invenit
933 2395 1058 2472 solum,
1079 2397 1115 2463 in
1138 2420 1210 2487 quo

134 2496 239 2559 laetius
255 2497 363 2584 potuit
381 2494 592 2563 efflorescere.
609 2497 678 2561 Jam
694 2494 820 2583 pridem
839 2495 928 2562 enim
945 2518 1053 2561 sermo
1068 2497 1209 2580 latinua,

135 2596 176 2661 ad
197 2597 356 2689 rationem
373 2602 542 2686 poetarum
568 2597 853 2665 alexandrinorum
872 2613 1085 2684 temperatus,
1101 2620 1121 2661 a
1138 2599 1210 2686 pri·

135 2699 220 2763 stina
235 2698 438 2788 simplicitate
457 2699 645 2780 deflexerat,
664 2697 907 2785 candoremque
927 2720 1025 2769 suum
1044 2699 1209 2790 cumipse

135 2799 254 2863 civium
271 2792 417 2865 libertate
433 2801 592 2865 amiserat.
608 2802 684 2867 Non
701 2800 787 2865 enim
804 2800 943 2888 amplius
961 2801 1071 2889 patriae
1085 2802 1209 2883 amori,

136 2900 328 2989 frugalitati,
345 2903 491 2995 gravitati
508 2918 605 2993 atque
624 2903 814 2969 constantiae
834 2903 870 2969 in
891 2903 989 2967 rebus
1013 2903 1208 2992 gravissimis

135 3002 409 3085 inserviebat,scd
420 3003 569 3091 publicus
583 3003 651 3082 ejus
664 3026 743 3069 rasus
758 3004 792 3067 in
806 3002 971 3071 adulando
984 3019 1051 3068 erat
1064 3004 1208 3093 positus,

95 3133 98 3141 ·
135 3102 446 3195 depravatopulchri
454 3104 580 3185 judicio
594 3103 873 3187 accommodatus,
885 3120 982 3190 atque
992 3104 1025 3168 in
1036 3105 1208 3169 rhetorum

137 3206 256 3270 scholis
281 3205 514 3294 auditoriisque
531 3207 755 3288 recitantium,
774 3222 945 3295 troporum
963 3205 1210 3294 figurarumque

138 3306 362 3387 multitudine,
390 3308 604 3373 formularum
637 3307 870 3375 subtilitatibus
898 3304 1209 3395 pronunciandique

138 3408 272 3473 mollitia
292 3425 463 3492 oneratus,
479 3411 671 3475 obscuratus
693 3425 791 3497 atquc
815 3424 995 3477 enervatus.
1025 3408 1144 3470 Omnia
1167 3408 1209 3472 ad

137 3494 265 3574 aurium
282 3511 482 3597 voluptatem
499 3511 737 3590 referebantur,
754 3527 787 3574 et
803 3531 871 3596 quo
887 3507 960 3596 quis
977 3507 1077 3596 magis
1097 3524 1205 3571 osten·

138 3613 294 3677 tationem
311 3611 413 3701 ipsam
437 3610 641 3692 ostenderet,
661 3635 701 3676 eo
719 3611 833 3690 majori
854 3611 970 3697 plausu
988 3609 1212 3696 excipiebatur

141 3711 211 3791 ejus
223 3709 336 3775 oratio.
351 3709 414 3777 Sed
432 3710 472 3775 de
490 3711 540 3777 his
557 3712 690 3779 uberius
707 3710 778 3791 alio
789 3711 862 3778 loeo
877 3709 1140 3802 disputavimus².

185 3890 208 3924 1.
231 3869 273 3923 Cf.
290 3870 381 3934 XLII,
400 3875 431 3921 13
444 3888 483 3940 sq.

184 3971 209 4002 a.
233 3951 265 4001 In
280 3948 434 4020 praefatione
448 3947 481 4000 ad
497 3948 580 4000 Persii
594 3949 684 4002 satiras
698 3960 723 4002 et
738 3948 764 4000 in
780 3948 870 4002 libello
886 3949 925 4000 De
937 3946 1134 4000 Satiralioruma
1146 3949 1209 4015 ‹pru-

142 4042 186 4105 q'ue
200 4029 335 4083 creatoribus
346 4032 491 4099 praecipuis,
508 4028 643 4099 inscripto.
1192 4020 1202 4032 “
