2686 4808
203 358 251 428 26
526 353 943 423 PROLEGOMENA

200 479 320 553 lectus,
340 474 553 538 Stilichonem
571 486 747 559 patronum
764 485 878 535 nactus
894 485 960 551 est,
976 470 1173 557 prudentem
1194 475 1274 560 qui-

200 579 274 643 dem
288 594 320 642 et
334 576 504 657 callidum,
514 573 572 638 sed
588 588 622 636 et
630 594 748 662 genere
761 589 795 635 et
809 571 956 636 moribus
971 570 1162 655 barbarum,
1175 574 1274 654 cujus

198 680 356 745 voluntati
372 692 441 741 erat
455 672 709 740 inserviendum.
720 672 802 737 Inde
817 694 952 760 quoque
965 672 1087 736 lactum
1099 689 1168 755 est,
1180 690 1222 739 ut
1236 676 1274 739 in

197 778 440 869 spectaculis,et
450 774 659 854 immanibus,
667 788 700 837 et
707 773 934 837 abominandis
944 797 1019 838 curn
1031 775 1197 863 voluptate
1205 776 1273 840 im·

198 879 319 945 morari
333 876 500 957 videatur,
517 873 699 940 dummodo
718 874 905 939 Stilichonis
921 874 1070 939 vindictae
1085 877 1273 941 satisfaciat.

201 982 285 1064 Quis
309 978 398 1043 enirn
422 977 463 1041 ab
486 975 696 1039 humanitatis
712 996 810 1038 sensu
829 997 895 1038 non
912 976 1008 1062 plane
1022 976 1165 1058 alienus,
1180 977 1274 1041 illam

200 1078 310 1145 {tufini
339 1077 629 1150 dilacerationem¹‚
652 1090 808 1163 tanquam
836 1075 870 1138 in
905 1076 1014 1140 tabida
1038 1078 1125 1164 picta
1145 1100 1274 1167 propo-

199 1182 310 1254 sitam,
322 1180 393 1243 sine
401 1179 538 1244 horrore
553 1193 586 1241 et
595 1177 698 1240 oculis
707 1177 866 1240 irretortis
875 1191 981 1265 potest
990 1177 1168 1265 adspicere!
1176 1180 1277 1243 Valet

200 1298 308 1346 tamen
320 1280 361 1345 ad
370 1295 497 1368 poetam
510 1301 549 1342 ex
558 1294 649 1366 parte
661 1277 883 1342 excusandum
893 1325 902 1358 ,
912 1276 1002 1363 quod
1017 1278 1146 1341 illorum
1160 1278 1274 1343 homi·

200 1406 297 1464 num,
312 1382 432 1470 quibus
447 1379 624 1459 scribebat,
643 1378 730 1442 oculi
749 1394 781 1442 et
799 1378 900 1441 animi
917 1378 1166 1443 consuetudinis
1186 1380 1275 1443 callo

200 1498 293 1549 erant
305 1481 459 1562 obducti,
478 1480 625 1568 nihilque
640 1480 762 1568 gratius
779 1479 818 1543 iis
832 1500 902 1543 esse
920 1495 1061 1565 poterat,
1075 1503 1174 1568 quarn
1187 1480 1275 1545 iram

199 1606 292 1647 sitam
309 1580 552 1669 ulciscendique
570 1578 759 1668 cupidinem
775 1581 935 1667 expletam
954 1580 1073 1646 videre.
1095 1582 1277 1669 Propterea

200 1706 333 1772 quoque
342 1684 440 1747 miser
453 1682 505 1746 ille
520 1684 554 1745 in
569 1681 706 1745 frustula
719 1680 887 1762 dissectus,
902 1697 936 1744 et
945 1679 1117 1769 dissipatus
1132 1681 1277 1748 Rufinus

202 1783 350 1848 nondum
365 1782 558 1863 dimittitur,
569 1781 627 1846 sed
640 1780 682 1845 ad
698 1780 819 1845 inferos
837 1780 997 1845 deductus
1015 1806 1118 1870 poenae
1134 1782 1278 1848 traditur

201 1885 432 1973 sempiternae’,
451 1882 541 1966 Quid
564 1885 596 1945 in
615 1881 831 1969 vituperando
854 1884 957 1969 possit
979 1881 1121 1965 efficere,
1141 1882 1278 1949 videtur

202 2002 354 2073 expertus
373 2006 443 2048 esse
467 1985 500 2047 in
525 1984 668 2048 carmine
687 1983 797 2046 XVIII
814 1999 847 2046 et
863 1984 941 2064 XX,
958 1985 991 2047 in
1010 1985 1131 2071 quibus
1149 1987 1276 2051 Eut'ro·

200 2088 292 2175 pium
303 2085 731 2174 spadonem,gravissimum
740 2084 927 2149 Stilichonis
937 2085 1170 2168 adversarium,
1181 2108 1277 2151 ever-

201 2210 274 2253 sum
289 2203 321 2251 et
336 2187 371 2249 in
389 2186 536 2250 exsilium
550 2204 671 2268 aetum,
683 2188 714 2249 in
731 2187 859 2274 patroni
873 2187 923 2249 sui
938 2189 1070 2275 gratiam
1086 2210 1153 2250 non
1165 2190 1275 2253 solum

202 2290 379 2378 aequalibus
390 2288 447 2351 sed
457 2289 552 2351 etiarn
562 2288 699 2375 posteris
710 2287 966 2351 abominandum
976 2287 1112 2352 reddere
1123 2291 1275 2372 tentavit,

203 2411 391 2475 nomenque
409 2389 493 2451 illins
516 2404 636 2452 aeterna
654 2388 786 2451 infamia
807 2389 1054 2477 aspergendum.
1073 2391 1138 2453 Iste
1155 2391 1278 2454 Eutro-

203 2489 296 2576 pius,
313 2486 402 2574 quod
419 2489 576 2551 hactenus
590 2486 774 2552 inauditum
791 2490 913 2570 fuerat,
927 2507 960 2553 et
976 2489 1078 2579 spado
1094 2507 1127 2555 et
1141 2493 1275 2574 consul,

203 2589 322 2677 largam
339 2611 416 2651 sane
434 2589 600 2652 materiam
618 2588 829 2652 maledicendi
849 2591 992 2677 praebere
1007 2593 1128 2680 potnit,
1146 2593 1275 2658 etiamsi

204 2712 255 2754 res
263 2690 332 2769 ejus
342 2706 437 2778 gestae
447 2712 514 2752 non
530 2713 726 2779 magnopere
738 2690 875 2755 fuissent
886 2692 1069 2781 culpandae,
1078 2709 1175 2781 atque
1185 2693 1274 2758 illarn

205 2814 273 2855 rem
297 2790 388 2878 quasi
412 2789 576 2854 cardinem
601 2793 788 2873 constituit,
808 2794 841 2855 in
858 2816 925 2879 quo
943 2809 1121 2882 utrumque
1141 2818 1274 2860 carmen

204 2907 393 2957 verteretur.
416 2890 484 2954 liae
516 2891 708 2982 indignitate
736 2895 837 2957 veluti
865 2895 1073 2957 vehementer
1100 2918 1276 2983 percussus

205 2994 315 3056 omnia
340 3008 484 3056 monstra
507 3009 540 3056 et
563 3009 727 3082 portenta,
750 3017 821 3081 quae
843 3017 972 3082 semper
990 2995 1175 3082 gravissima
1195 3002 1278 3063 sunt

205 3094 314 3158 liabita
331 3094 534 3180 maximeque
550 3094 634 3175 dira,
651 3096 811 3183 principio
825 3111 988 3176 recenset,
1005 3119 1146 3182 quorum
1165 3113 1274 3163 tamen

207 3196 332 3259 nullum
354 3212 418 3259 tarn
436 3195 559 3259 lindum
575 3212 608 3260 et
624 3196 765 3260 immane
782 3197 897 3277 fuerit,
914 3218 1011 3283 quam
1030 3197 1145 3259 consul
1161 3198 1275 3284 spado.

205 3297 303 3359 Omni
327 3294 445 3359 deinde
470 3297 644 3361 verborum
669 3296 815 3383 pondere
839 3313 955 3377 utens,
973 3319 1044 3378 eos,
1062 3321 1204 3385 quorum
1226 3316 1277 3364 est

207 3411 352 3460 monstra
368 3419 560 3484 procurare,
579 3397 782 3484 deorumque
801 3399 880 3461 iram
902 3414 1064 3480 avertere,
1084 3400 1276 3487 compellat,
1330 3427 1333 3433 ·

206 3512 244 3559 ut
267 3497 450 3582 explorent,
472 3520 544 3583 quae
567 3514 656 3561 tama
677 3499 836 3563 calauritas
869 3499 1056 3586 turpissimo
1082 3500 1140 3563 illo
1164 3503 1277 3567 omine

206 3595 435 3683 portendatur,
454 3620 560 3685 quove
585 3599 712 3685 piaculo
736 3599 839 3687 possit
862 3599 1006 3687 ‹lcpelli³.
1033 3603 1118 3665 Cum
1143 3600 1278 3668 senuna

253 3856 276 3889 ¹·
298 3835 334 3898 v,
356 3841 411 3904 4⁰7
434 3854 493 3905 sas·

250 3935 277 3967 a.
299 3916 335 3979 V,
359 3918 413 3976 466
435 3932 493 3984 sqq.

250 3996 275 4050 3.
298 3995 408 4056 XVIII,
433 3994 520 4045 mi.
