<?xml version="1.0" encoding="UTF-8"?>
<!DOCTYPE html PUBLIC "-//W3C//DTD XHTML 1.0 Transitional//EN"
    "http://www.w3.org/TR/xhtml1/DTD/xhtml1-transitional.dtd">
<html xmlns="http://www.w3.org/1999/xhtml" xml:lang="en" lang="en">
 <head>
  <title>
</title>
<meta http-equiv="Content-Type" content="text/html;charset=utf-8" />
  <meta name='ocr-system' content='tesseract 3.04.00' />
  <meta name='ocr-capabilities' content='ocr_page ocr_carea ocr_par ocr_line ocrx_word'/>
</head>
<body>
  <div class='ocr_page' id='page_1' title='image "bibliothecaclas77lemagoog_0053.png"; bbox 0 0 2686 4808; ppageno 0'>
   <div class='ocr_carea' id='block_1_1' title="bbox 139 333 897 427">
    <p class='ocr_par' dir='ltr' id='par_1_1' title="bbox 139 333 897 427">
     <span class='ocr_line' id='line_1_1' title="bbox 139 333 897 427; baseline -0.005 -24"><span class='ocrx_word' id='word_1_1' title='bbox 139 339 185 418; x_wconf 63' lang='lat'><strong>24</strong></span> <span class='ocrx_word' id='word_1_2' title='bbox 459 333 897 427; x_wconf 40' lang='lat' dir='ltr'><strong>raonacouaaa,</strong></span> 
     </span>
    </p>
   </div>
   <div class='ocr_carea' id='block_1_2' title="bbox 132 450 1206 743">
    <p class='ocr_par' dir='ltr' id='par_1_2' title="bbox 132 450 1206 743">
     <span class='ocr_line' id='line_1_2' title="bbox 134 450 1204 542; baseline 0.004 -23"><span class='ocrx_word' id='word_1_3' title='bbox 134 450 338 542; x_wconf 85' lang='lat' dir='ltr'><strong>percipienda</strong></span> <span class='ocrx_word' id='word_1_4' title='bbox 356 468 388 515; x_wconf 87' lang='lat' dir='ltr'><strong>et</strong></span> <span class='ocrx_word' id='word_1_5' title='bbox 398 467 513 516; x_wconf 88' lang='lat' dir='ltr'><strong>teretes</strong></span> <span class='ocrx_word' id='word_1_6' title='bbox 525 474 630 535; x_wconf 89' lang='lat' dir='ltr'><strong>aures,</strong></span> <span class='ocrx_word' id='word_1_7' title='bbox 648 466 681 514; x_wconf 89' lang='lat' dir='ltr'><strong>et</strong></span> <span class='ocrx_word' id='word_1_8' title='bbox 694 473 808 521; x_wconf 85' lang='lat' dir='ltr'><strong>sensus</strong></span> <span class='ocrx_word' id='word_1_9' title='bbox 824 451 915 514; x_wconf 93' lang='lat' dir='ltr'><strong>omni</strong></span> <span class='ocrx_word' id='word_1_10' title='bbox 932 451 1133 521; x_wconf 67' lang='lat' dir='ltr'><strong>humanitate</strong></span> <span class='ocrx_word' id='word_1_11' title='bbox 1144 480 1204 523; x_wconf 82' lang='lat' dir='ltr'><strong>ex·</strong></span> 
     </span>
     <span class='ocr_line' id='line_1_3' title="bbox 134 552 1204 647; baseline 0.006 -30"><span class='ocrx_word' id='word_1_12' title='bbox 134 555 226 642; x_wconf 88' lang='lat' dir='ltr'><strong>politi</strong></span> <span class='ocrx_word' id='word_1_13' title='bbox 239 552 500 641; x_wconf 81' lang='lat' dir='ltr'>requirebantur,</span> <span class='ocrx_word' id='word_1_14' title='bbox 512 568 640 640; x_wconf 89' lang='lat' dir='ltr'><strong>poterat</strong></span> <span class='ocrx_word' id='word_1_15' title='bbox 653 552 850 647; x_wconf 81' lang='lat' dir='ltr'><strong>intelligere3</strong></span> <span class='ocrx_word' id='word_1_16' title='bbox 865 554 1126 643; x_wconf 83' lang='lat' dir='ltr'><strong>quotusquisque</strong></span> <span class='ocrx_word' id='word_1_17' title='bbox 1139 558 1204 623; x_wconf 91' lang='lat' dir='ltr'><strong>sibi</strong></span> 
     </span>
     <span class='ocr_line' id='line_1_4' title="bbox 132 652 1206 743; baseline 0.002 -27"><span class='ocrx_word' id='word_1_18' title='bbox 132 653 343 740; x_wconf 87' lang='lat' dir='ltr'><strong>persuadere,</strong></span> <span class='ocrx_word' id='word_1_19' title='bbox 357 652 474 739; x_wconf 87' lang='lat' dir='ltr'><strong>saepius</strong></span> <span class='ocrx_word' id='word_1_20' title='bbox 491 653 526 714; x_wconf 94' lang='lat' dir='ltr'><strong>in</strong></span> <span class='ocrx_word' id='word_1_21' title='bbox 539 675 606 715; x_wconf 90' lang='lat' dir='ltr'><strong>una</strong></span> <span class='ocrx_word' id='word_1_22' title='bbox 624 653 801 733; x_wconf 88' lang='lat' dir='ltr'><strong>sententia,</strong></span> <span class='ocrx_word' id='word_1_23' title='bbox 818 652 852 714; x_wconf 90' lang='lat' dir='ltr'><strong>in</strong></span> <span class='ocrx_word' id='word_1_24' title='bbox 866 653 982 730; x_wconf 91' lang='lat' dir='ltr'><strong>unico,</strong></span> <span class='ocrx_word' id='word_1_25' title='bbox 996 677 1100 743; x_wconf 83' lang='lat' dir='ltr'>prope</span> <span class='ocrx_word' id='word_1_26' title='bbox 1110 656 1206 723; x_wconf 79' lang='lat' dir='ltr'><strong>dixe·</strong></span> 
     </span>
    </p>
   </div>
   <div class='ocr_carea' id='block_1_3' title="bbox 130 751 1221 1546">
    <p class='ocr_par' dir='ltr' id='par_1_3' title="bbox 130 751 1221 1546">
     <span class='ocr_line' id='line_1_5' title="bbox 131 751 1204 840; baseline 0.005 -23"><span class='ocrx_word' id='word_1_27' title='bbox 131 755 210 836; x_wconf 92' lang='lat' dir='ltr'><strong>rim,</strong></span> <span class='ocrx_word' id='word_1_28' title='bbox 223 755 341 834; x_wconf 87' lang='lat' dir='ltr'><strong>verbo,</strong></span> <span class='ocrx_word' id='word_1_29' title='bbox 353 754 508 833; x_wconf 88' lang='lat' dir='ltr'><strong>majorem</strong></span> <span class='ocrx_word' id='word_1_30' title='bbox 522 751 674 816; x_wconf 87' lang='lat' dir='ltr'><strong>laudandi</strong></span> <span class='ocrx_word' id='word_1_31' title='bbox 684 753 749 815; x_wconf 86' lang='lat' dir='ltr'><strong>vim</strong></span> <span class='ocrx_word' id='word_1_32' title='bbox 759 752 882 833; x_wconf 90' lang='lat' dir='ltr'><strong>inesse,</strong></span> <span class='ocrx_word' id='word_1_33' title='bbox 897 775 994 840; x_wconf 85' lang='lat' dir='ltr'><strong>quam</strong></span> <span class='ocrx_word' id='word_1_34' title='bbox 1005 753 1039 817; x_wconf 91' lang='lat' dir='ltr'><strong>in</strong></span> <span class='ocrx_word' id='word_1_35' title='bbox 1052 757 1204 822; x_wconf 87' lang='lat' dir='ltr'><strong>oratione</strong></span> 
     </span>
     <span class='ocr_line' id='line_1_6' title="bbox 130 852 1205 943; baseline 0.006 -25"><span class='ocrx_word' id='word_1_36' title='bbox 130 855 322 943; x_wconf 79' lang='lat' dir='ltr'><strong>panegyrica</strong></span> <span class='ocrx_word' id='word_1_37' title='bbox 339 854 391 917; x_wconf 87' lang='lat' dir='ltr'><strong>vel</strong></span> <span class='ocrx_word' id='word_1_38' title='bbox 407 852 659 918; x_wconf 83' lang='lat' dir='ltr'><strong>verbosissima¹.</strong></span> <span class='ocrx_word' id='word_1_39' title='bbox 674 853 806 917; x_wconf 80' lang='lat' dir='ltr'><strong>Etiamsi</strong></span> <span class='ocrx_word' id='word_1_40' title='bbox 827 854 927 942; x_wconf 82' lang='lat' dir='ltr'><strong>igitur</strong></span> <span class='ocrx_word' id='word_1_41' title='bbox 940 855 1158 942; x_wconf 82' lang='lat' dir='ltr'><strong>Claudianus,</strong></span> <span class='ocrx_word' id='word_1_42' title='bbox 1175 861 1205 924; x_wconf 92' lang='lat' dir='ltr'><strong>si</strong></span> 
     </span>
     <span class='ocr_line' id='line_1_7' title="bbox 132 953 1205 1044; baseline 0.003 -23"><span class='ocrx_word' id='word_1_43' title='bbox 132 955 275 1021; x_wconf 90' lang='lat' dir='ltr'><strong>eumad</strong></span> <span class='ocrx_word' id='word_1_44' title='bbox 300 954 368 1035; x_wconf 87' lang='lat' dir='ltr'><strong>illa,</strong></span> <span class='ocrx_word' id='word_1_45' title='bbox 391 977 462 1042; x_wconf 88' lang='lat' dir='ltr'><strong>quae</strong></span> <span class='ocrx_word' id='word_1_46' title='bbox 489 977 539 1018; x_wconf 90' lang='lat' dir='ltr'><strong>ars</strong></span> <span class='ocrx_word' id='word_1_47' title='bbox 566 953 743 1034; x_wconf 83' lang='lat' dir='ltr'>desiderat,</span> <span class='ocrx_word' id='word_1_48' title='bbox 767 976 915 1037; x_wconf 79' lang='lat' dir='ltr'><strong>revoces,</strong></span> <span class='ocrx_word' id='word_1_49' title='bbox 935 955 1044 1021; x_wconf 91' lang='lat' dir='ltr'><strong>minus</strong></span> <span class='ocrx_word' id='word_1_50' title='bbox 1068 958 1205 1044; x_wconf 91' lang='lat' dir='ltr'><strong>probari</strong></span> 
     </span>
     <span class='ocr_line' id='line_1_8' title="bbox 133 1056 1204 1147; baseline 0.003 -25"><span class='ocrx_word' id='word_1_51' title='bbox 133 1058 252 1147; x_wconf 84' lang='lat' dir='ltr'><strong>possit,</strong></span> <span class='ocrx_word' id='word_1_52' title='bbox 268 1072 377 1121; x_wconf 87' lang='lat' dir='ltr'><strong>tamen</strong></span> <span class='ocrx_word' id='word_1_53' title='bbox 393 1057 557 1120; x_wconf 79' lang='lat' dir='ltr'><strong>excusatio</strong></span> <span class='ocrx_word' id='word_1_54' title='bbox 567 1056 612 1119; x_wconf 89' lang='lat' dir='ltr'><strong>illi</strong></span> <span class='ocrx_word' id='word_1_55' title='bbox 626 1071 675 1123; x_wconf 91' lang='lat' dir='ltr'><strong>est</strong></span> <span class='ocrx_word' id='word_1_56' title='bbox 688 1071 797 1143; x_wconf 86' lang='lat' dir='ltr'><strong>parata</strong></span> <span class='ocrx_word' id='word_1_57' title='bbox 805 1103 814 1137; x_wconf 93' lang='lat'><strong>,</strong></span> <span class='ocrx_word' id='word_1_58' title='bbox 827 1056 853 1119; x_wconf 91' lang='lat' dir='ltr'><strong>si</strong></span> <span class='ocrx_word' id='word_1_59' title='bbox 870 1078 996 1120; x_wconf 89' lang='lat' dir='ltr'><strong>morem</strong></span> <span class='ocrx_word' id='word_1_60' title='bbox 1013 1072 1046 1121; x_wconf 92' lang='lat' dir='ltr'><strong>et</strong></span> <span class='ocrx_word' id='word_1_61' title='bbox 1058 1080 1204 1124; x_wconf 90' lang='lat' dir='ltr'><strong>consue·</strong></span> 
     </span>
     <span class='ocr_line' id='line_1_9' title="bbox 132 1156 1204 1247; baseline 0.003 -26"><span class='ocrx_word' id='word_1_62' title='bbox 132 1158 293 1238; x_wconf 88' lang='lat' dir='ltr'><strong>tudinem,</strong></span> <span class='ocrx_word' id='word_1_63' title='bbox 301 1157 355 1221; x_wconf 90' lang='lat' dir='ltr'><strong>cui</strong></span> <span class='ocrx_word' id='word_1_64' title='bbox 364 1171 432 1220; x_wconf 87' lang='lat' dir='ltr'><strong>erat</strong></span> <span class='ocrx_word' id='word_1_65' title='bbox 443 1156 622 1237; x_wconf 89' lang='lat' dir='ltr'><strong>litandum,</strong></span> <span class='ocrx_word' id='word_1_66' title='bbox 634 1178 794 1244; x_wconf 89' lang='lat' dir='ltr'><strong>auresque</strong></span> <span class='ocrx_word' id='word_1_67' title='bbox 803 1157 951 1239; x_wconf 86' lang='lat' dir='ltr'><strong>obtusas,</strong></span> <span class='ocrx_word' id='word_1_68' title='bbox 960 1174 993 1222; x_wconf 91' lang='lat' dir='ltr'><strong>et</strong></span> <span class='ocrx_word' id='word_1_69' title='bbox 1008 1175 1204 1247; x_wconf 86' lang='lat' dir='ltr'><strong>corruptum</strong></span> 
     </span>
     <span class='ocr_line' id='line_1_10' title="bbox 134 1256 1203 1346; baseline 0.002 -25"><span class='ocrx_word' id='word_1_70' title='bbox 134 1260 234 1323; x_wconf 67' lang='lat' dir='ltr'><strong>aetatis</strong></span> <span class='ocrx_word' id='word_1_71' title='bbox 245 1258 313 1338; x_wconf 79' lang='lat' dir='ltr'><strong>ejus</strong></span> <span class='ocrx_word' id='word_1_72' title='bbox 324 1257 502 1338; x_wconf 84' lang='lat' dir='ltr'><strong>judicium,</strong></span> <span class='ocrx_word' id='word_1_73' title='bbox 516 1256 635 1343; x_wconf 90' lang='lat' dir='ltr'><strong>quibus</strong></span> <span class='ocrx_word' id='word_1_74' title='bbox 646 1274 715 1321; x_wconf 88' lang='lat' dir='ltr'><strong>erat</strong></span> <span class='ocrx_word' id='word_1_75' title='bbox 725 1256 936 1345; x_wconf 89' lang='lat' dir='ltr'><strong>placendum,</strong></span> <span class='ocrx_word' id='word_1_76' title='bbox 950 1256 1038 1346; x_wconf 91' lang='lat' dir='ltr'><strong>apud</strong></span> <span class='ocrx_word' id='word_1_77' title='bbox 1052 1259 1203 1324; x_wconf 89' lang='lat' dir='ltr'><strong>animum</strong></span> 
     </span>
     <span class='ocr_line' id='line_1_11' title="bbox 133 1355 1221 1447; baseline 0.003 -26"><span class='ocrx_word' id='word_1_78' title='bbox 133 1375 275 1446; x_wconf 89' lang='lat' dir='ltr'><strong>reputes.</strong></span> <span class='ocrx_word' id='word_1_79' title='bbox 304 1355 553 1446; x_wconf 84' lang='lat' dir='ltr'><strong>Progrediamur</strong></span> <span class='ocrx_word' id='word_1_80' title='bbox 578 1357 618 1421; x_wconf 83' lang='lat' dir='ltr'><strong>ad</strong></span> <span class='ocrx_word' id='word_1_81' title='bbox 645 1356 726 1421; x_wconf 89' lang='lat' dir='ltr'><strong>illud</strong></span> <span class='ocrx_word' id='word_1_82' title='bbox 752 1357 933 1421; x_wconf 89' lang='lat' dir='ltr'><strong>carminum</strong></span> <span class='ocrx_word' id='word_1_83' title='bbox 959 1381 1080 1446; x_wconf 84' lang='lat' dir='ltr'><strong>genus,</strong></span> <span class='ocrx_word' id='word_1_84' title='bbox 1108 1360 1221 1447; x_wconf 35' lang='lat' dir='ltr'><strong>quod,</strong></span> 
     </span>
     <span class='ocr_line' id='line_1_12' title="bbox 134 1457 562 1546; baseline -0.002 -24"><span class='ocrx_word' id='word_1_85' title='bbox 134 1459 277 1524; x_wconf 87' lang='lat' dir='ltr'><strong>secundo</strong></span> <span class='ocrx_word' id='word_1_86' title='bbox 292 1459 366 1522; x_wconf 92' lang='lat' dir='ltr'><strong>loco</strong></span> <span class='ocrx_word' id='word_1_87' title='bbox 382 1457 562 1546; x_wconf 90' lang='lat' dir='ltr'><strong>posuimus.</strong></span> 
     </span>
    </p>
   </div>
   <div class='ocr_carea' id='block_1_4' title="bbox 168 1664 1169 1737">
    <p class='ocr_par' dir='ltr' id='par_1_4' title="bbox 168 1664 1169 1737">
     <span class='ocr_line' id='line_1_13' title="bbox 168 1664 1169 1737; baseline 0.002 -2"><span class='ocrx_word' id='word_1_88' title='bbox 168 1665 379 1735; x_wconf 83' lang='lat' dir='ltr'><strong>CARMINA</strong></span> <span class='ocrx_word' id='word_1_89' title='bbox 404 1665 454 1733; x_wconf 88' lang='lat' dir='ltr'><strong>IN</strong></span> <span class='ocrx_word' id='word_1_90' title='bbox 482 1664 695 1733; x_wconf 85' lang='lat' dir='ltr'>RUFINUM</span> <span class='ocrx_word' id='word_1_91' title='bbox 722 1665 779 1732; x_wconf 88' lang='lat' dir='ltr'><strong>ET</strong></span> <span class='ocrx_word' id='word_1_92' title='bbox 804 1665 853 1731; x_wconf 89' lang='lat' dir='ltr'><strong>IN</strong></span> <span class='ocrx_word' id='word_1_93' title='bbox 881 1664 1169 1737; x_wconf 89' lang='lat' dir='ltr'><strong>EUTROPIUM.</strong></span> 
     </span>
    </p>
   </div>
   <div class='ocr_carea' id='block_1_5' title="bbox 135 1861 1211 2756">
    <p class='ocr_par' dir='ltr' id='par_1_5' title="bbox 135 1861 1211 2756">
     <span class='ocr_line' id='line_1_14' title="bbox 181 1861 1208 1953; baseline 0.004 -24"><span class='ocrx_word' id='word_1_94' title='bbox 181 1865 285 1944; x_wconf 88' lang='lat' dir='ltr'><strong>Hujus</strong></span> <span class='ocrx_word' id='word_1_95' title='bbox 296 1865 421 1953; x_wconf 82' lang='lat' dir='ltr'><strong>generis</strong></span> <span class='ocrx_word' id='word_1_96' title='bbox 433 1865 515 1927; x_wconf 88' lang='lat' dir='ltr'><strong>ratio</strong></span> <span class='ocrx_word' id='word_1_97' title='bbox 527 1861 640 1926; x_wconf 90' lang='lat' dir='ltr'><strong>eadem</strong></span> <span class='ocrx_word' id='word_1_98' title='bbox 652 1877 700 1925; x_wconf 92' lang='lat' dir='ltr'><strong>est</strong></span> <span class='ocrx_word' id='word_1_99' title='bbox 708 1885 783 1926; x_wconf 90' lang='lat' dir='ltr'><strong>curn</strong></span> <span class='ocrx_word' id='word_1_100' title='bbox 796 1863 910 1951; x_wconf 86' lang='lat' dir='ltr'><strong>priori,</strong></span> <span class='ocrx_word' id='word_1_101' title='bbox 922 1866 1053 1927; x_wconf 89' lang='lat' dir='ltr'><strong>materia</strong></span> <span class='ocrx_word' id='word_1_102' title='bbox 1065 1864 1208 1934; x_wconf 73' lang='lat' dir='ltr'><strong>diversa,</strong></span> 
     </span>
     <span class='ocr_line' id='line_1_15' title="bbox 135 1963 1207 2054; baseline 0.001 -25"><span class='ocrx_word' id='word_1_103' title='bbox 135 1966 175 2029; x_wconf 94' lang='lat' dir='ltr'><strong>ln</strong></span> <span class='ocrx_word' id='word_1_104' title='bbox 190 1966 246 2029; x_wconf 94' lang='lat' dir='ltr'><strong>illo</strong></span> <span class='ocrx_word' id='word_1_105' title='bbox 259 1964 427 2046; x_wconf 86' lang='lat' dir='ltr'><strong>laudandi,</strong></span> <span class='ocrx_word' id='word_1_106' title='bbox 443 1965 477 2027; x_wconf 94' lang='lat' dir='ltr'><strong>in</strong></span> <span class='ocrx_word' id='word_1_107' title='bbox 495 1963 559 2027; x_wconf 91' lang='lat' dir='ltr'><strong>hoc</strong></span> <span class='ocrx_word' id='word_1_108' title='bbox 572 1963 777 2050; x_wconf 88' lang='lat' dir='ltr'><strong>vituperandi</strong></span> <span class='ocrx_word' id='word_1_109' title='bbox 792 1979 898 2050; x_wconf 86' lang='lat' dir='ltr'><strong>partes</strong></span> <span class='ocrx_word' id='word_1_110' title='bbox 917 1964 1068 2048; x_wconf 90' lang='lat' dir='ltr'><strong>sustinet,</strong></span> <span class='ocrx_word' id='word_1_111' title='bbox 1085 1981 1207 2054; x_wconf 88' lang='lat' dir='ltr'><strong>atque,</strong></span> 
     </span>
     <span class='ocr_line' id='line_1_16' title="bbox 136 2064 1208 2153; baseline 0.005 -25"><span class='ocrx_word' id='word_1_112' title='bbox 136 2067 163 2128; x_wconf 91' lang='lat' dir='ltr'><strong>si</strong></span> <span class='ocrx_word' id='word_1_113' title='bbox 182 2082 358 2153; x_wconf 88' lang='lat' dir='ltr'><strong>utrumque</strong></span> <span class='ocrx_word' id='word_1_114' title='bbox 374 2087 557 2152; x_wconf 90' lang='lat' dir='ltr'><strong>compares,</strong></span> <span class='ocrx_word' id='word_1_115' title='bbox 575 2064 718 2127; x_wconf 85' lang='lat' dir='ltr'><strong>invenias</strong></span> <span class='ocrx_word' id='word_1_116' title='bbox 735 2064 826 2128; x_wconf 92' lang='lat' dir='ltr'><strong>illum</strong></span> <span class='ocrx_word' id='word_1_117' title='bbox 843 2064 916 2150; x_wconf 94' lang='lat' dir='ltr'><strong>plus</strong></span> <span class='ocrx_word' id='word_1_118' title='bbox 933 2064 1070 2129; x_wconf 66' lang='lat' dir='ltr'><strong>nituisse</strong></span> <span class='ocrx_word' id='word_1_119' title='bbox 1085 2066 1122 2130; x_wconf 88' lang='lat' dir='ltr'><strong>in</strong></span> <span class='ocrx_word' id='word_1_120' title='bbox 1138 2066 1208 2134; x_wconf 88' lang='lat' dir='ltr'><strong>boc</strong></span> 
     </span>
     <span class='ocr_line' id='line_1_17' title="bbox 137 2163 1207 2255; baseline 0 -25"><span class='ocrx_word' id='word_1_121' title='bbox 137 2190 234 2255; x_wconf 89' lang='lat' dir='ltr'><strong>quarn</strong></span> <span class='ocrx_word' id='word_1_122' title='bbox 251 2167 284 2230; x_wconf 91' lang='lat' dir='ltr'><strong>in</strong></span> <span class='ocrx_word' id='word_1_123' title='bbox 303 2167 368 2230; x_wconf 93' lang='lat' dir='ltr'><strong>illo.</strong></span> <span class='ocrx_word' id='word_1_124' title='bbox 385 2166 513 2230; x_wconf 87' lang='lat' dir='ltr'><strong>Scilicet</strong></span> <span class='ocrx_word' id='word_1_125' title='bbox 528 2165 561 2226; x_wconf 91' lang='lat' dir='ltr'><strong>in</strong></span> <span class='ocrx_word' id='word_1_126' title='bbox 579 2163 729 2228; x_wconf 87' lang='lat' dir='ltr'><strong>hostibus</strong></span> <span class='ocrx_word' id='word_1_127' title='bbox 746 2163 884 2227; x_wconf 87' lang='lat' dir='ltr'><strong>Honorii</strong></span> <span class='ocrx_word' id='word_1_128' title='bbox 898 2180 930 2227; x_wconf 86' lang='lat' dir='ltr'><strong>et</strong></span> <span class='ocrx_word' id='word_1_129' title='bbox 945 2164 1132 2229; x_wconf 84' lang='lat' dir='ltr'><strong>Stilichonis</strong></span> <span class='ocrx_word' id='word_1_130' title='bbox 1150 2167 1207 2230; x_wconf 66' lang='lat' dir='ltr'><strong>la*-</strong></span> 
     </span>
     <span class='ocr_line' id='line_1_18' title="bbox 136 2264 1211 2354; baseline 0.001 -23"><span class='ocrx_word' id='word_1_131' title='bbox 136 2268 266 2349; x_wconf 75' lang='lat' dir='ltr'><strong>‹lendis,</strong></span> <span class='ocrx_word' id='word_1_132' title='bbox 286 2265 447 2354; x_wconf 91' lang='lat' dir='ltr'><strong>quidquid</strong></span> <span class='ocrx_word' id='word_1_133' title='bbox 464 2267 499 2328; x_wconf 89' lang='lat' dir='ltr'><strong>in</strong></span> <span class='ocrx_word' id='word_1_134' title='bbox 523 2288 598 2327; x_wconf 86' lang='lat' dir='ltr'><strong>enm</strong></span> <span class='ocrx_word' id='word_1_135' title='bbox 625 2264 722 2329; x_wconf 84' lang='lat' dir='ltr'><strong>finem</strong></span> <span class='ocrx_word' id='word_1_136' title='bbox 742 2266 821 2329; x_wconf 90' lang='lat' dir='ltr'><strong>utile</strong></span> <span class='ocrx_word' id='word_1_137' title='bbox 847 2280 992 2353; x_wconf 88' lang='lat' dir='ltr'><strong>putaret,</strong></span> <span class='ocrx_word' id='word_1_138' title='bbox 1013 2290 1053 2330; x_wconf 92' lang='lat' dir='ltr'><strong>eo</strong></span> <span class='ocrx_word' id='word_1_139' title='bbox 1075 2283 1211 2354; x_wconf 88' lang='lat' dir='ltr'><strong>poterat</strong></span> 
     </span>
     <span class='ocr_line' id='line_1_19' title="bbox 138 2365 1206 2455; baseline 0.001 -23"><span class='ocrx_word' id='word_1_140' title='bbox 138 2371 273 2455; x_wconf 89' lang='lat' dir='ltr'><strong>impune</strong></span> <span class='ocrx_word' id='word_1_141' title='bbox 282 2366 348 2446; x_wconf 89' lang='lat' dir='ltr'><strong>uti,</strong></span> <span class='ocrx_word' id='word_1_142' title='bbox 359 2389 463 2451; x_wconf 91' lang='lat' dir='ltr'><strong>quum</strong></span> <span class='ocrx_word' id='word_1_143' title='bbox 475 2365 586 2445; x_wconf 85' lang='lat' dir='ltr'><strong>sciret,</strong></span> <span class='ocrx_word' id='word_1_144' title='bbox 597 2388 638 2428; x_wconf 92' lang='lat' dir='ltr'><strong>ne</strong></span> <span class='ocrx_word' id='word_1_145' title='bbox 650 2382 795 2429; x_wconf 91' lang='lat' dir='ltr'><strong>monstra</strong></span> <span class='ocrx_word' id='word_1_146' title='bbox 806 2365 939 2453; x_wconf 90' lang='lat' dir='ltr'><strong>quidem</strong></span> <span class='ocrx_word' id='word_1_147' title='bbox 951 2367 1206 2455; x_wconf 82' lang='lat' dir='ltr'><strong>infernaquent·</strong></span> 
     </span>
     <span class='ocr_line' id='line_1_20' title="bbox 138 2466 1208 2556; baseline 0.003 -24"><span class='ocrx_word' id='word_1_148' title='bbox 138 2491 237 2556; x_wconf 89' lang='lat' dir='ltr'><strong>quam</strong></span> <span class='ocrx_word' id='word_1_149' title='bbox 260 2488 329 2531; x_wconf 90' lang='lat' dir='ltr'><strong>esse</strong></span> <span class='ocrx_word' id='word_1_150' title='bbox 351 2466 534 2548; x_wconf 80' lang='lat' dir='ltr'><strong>offensura,</strong></span> <span class='ocrx_word' id='word_1_151' title='bbox 559 2489 633 2529; x_wconf 87' lang='lat' dir='ltr'><strong>nam</strong></span> <span class='ocrx_word' id='word_1_152' title='bbox 657 2466 758 2530; x_wconf 90' lang='lat' dir='ltr'><strong>malos</strong></span> <span class='ocrx_word' id='word_1_153' title='bbox 782 2468 894 2556; x_wconf 85' lang='lat' dir='ltr'><strong>genios</strong></span> <span class='ocrx_word' id='word_1_154' title='bbox 921 2491 1005 2549; x_wconf 89' lang='lat' dir='ltr'><strong>esse,</strong></span> <span class='ocrx_word' id='word_1_155' title='bbox 1025 2490 1148 2555; x_wconf 90' lang='lat' dir='ltr'><strong>eosque</strong></span> <span class='ocrx_word' id='word_1_156' title='bbox 1170 2493 1208 2535; x_wconf 86' lang='lat' dir='ltr'><strong>se</strong></span> 
     </span>
     <span class='ocr_line' id='line_1_21' title="bbox 139 2566 1209 2657; baseline 0.003 -26"><span class='ocrx_word' id='word_1_157' title='bbox 139 2569 236 2632; x_wconf 89' lang='lat' dir='ltr'><strong>rebus</strong></span> <span class='ocrx_word' id='word_1_158' title='bbox 250 2566 401 2630; x_wconf 90' lang='lat' dir='ltr'><strong>humanis</strong></span> <span class='ocrx_word' id='word_1_159' title='bbox 417 2566 614 2647; x_wconf 86' lang='lat' dir='ltr'><strong>immiscere,</strong></span> <span class='ocrx_word' id='word_1_160' title='bbox 636 2568 853 2654; x_wconf 87' lang='lat' dir='ltr'><strong>mortalesque</strong></span> <span class='ocrx_word' id='word_1_161' title='bbox 869 2568 903 2631; x_wconf 92' lang='lat' dir='ltr'><strong>in</strong></span> <span class='ocrx_word' id='word_1_162' title='bbox 923 2568 1070 2633; x_wconf 89' lang='lat' dir='ltr'><strong>fraudem</strong></span> <span class='ocrx_word' id='word_1_163' title='bbox 1088 2592 1209 2657; x_wconf 83' lang='lat' dir='ltr'><strong>agere,</strong></span> 
     </span>
     <span class='ocr_line' id='line_1_22' title="bbox 139 2665 1208 2756; baseline 0.002 -23"><span class='ocrx_word' id='word_1_164' title='bbox 139 2670 189 2733; x_wconf 86' lang='lat' dir='ltr'><strong>vel</strong></span> <span class='ocrx_word' id='word_1_165' title='bbox 206 2667 386 2733; x_wconf 87' lang='lat' dir='ltr'><strong>christianae</strong></span> <span class='ocrx_word' id='word_1_166' title='bbox 403 2665 478 2731; x_wconf 90' lang='lat' dir='ltr'><strong>fidei</strong></span> <span class='ocrx_word' id='word_1_167' title='bbox 499 2667 688 2731; x_wconf 89' lang='lat' dir='ltr'><strong>doctoribus</strong></span> <span class='ocrx_word' id='word_1_168' title='bbox 703 2684 782 2733; x_wconf 91' lang='lat' dir='ltr'><strong>tunc</strong></span> <span class='ocrx_word' id='word_1_169' title='bbox 796 2685 864 2731; x_wconf 91' lang='lat' dir='ltr'><strong>erat</strong></span> <span class='ocrx_word' id='word_1_170' title='bbox 880 2691 1080 2756; x_wconf 88' lang='lat' dir='ltr'><strong>persuasum.</strong></span> <span class='ocrx_word' id='word_1_171' title='bbox 1097 2669 1208 2735; x_wconf 86' lang='lat' dir='ltr'><strong>Etiam</strong></span> 
     </span>
    </p>
   </div>
   <div class='ocr_carea' id='block_1_6' title="bbox 139 2871 1211 3501">
    <p class='ocr_par' dir='ltr' id='par_1_6' title="bbox 139 2871 1211 3343">
     <span class='ocr_line' id='line_1_23' title="bbox 141 2871 1211 2943; baseline 0.001 -17"><span class='ocrx_word' id='word_1_172' title='bbox 141 2893 213 2927; x_wconf 84' lang='lat' dir='ltr'><strong>arma</strong></span> <span class='ocrx_word' id='word_1_173' title='bbox 225 2873 391 2943; x_wconf 81' lang='lat' dir='ltr'><strong>abjecerant,</strong></span> <span class='ocrx_word' id='word_1_174' title='bbox 404 2890 498 2924; x_wconf 88' lang='lat' dir='ltr'><strong>veram</strong></span> <span class='ocrx_word' id='word_1_175' title='bbox 511 2871 590 2924; x_wconf 86' lang='lat' dir='ltr'><strong>etiam</strong></span> <span class='ocrx_word' id='word_1_176' title='bbox 603 2872 694 2924; x_wconf 73' lang='lat' dir='ltr'><strong>Roma</strong></span> <span class='ocrx_word' id='word_1_177' title='bbox 710 2871 875 2924; x_wconf 82' lang='lat' dir='ltr'><strong>immemores</strong></span> <span class='ocrx_word' id='word_1_178' title='bbox 889 2872 1058 2925; x_wconf 85' lang='lat' dir='ltr'><strong>matrimonia</strong></span> <span class='ocrx_word' id='word_1_179' title='bbox 1072 2890 1135 2925; x_wconf 88' lang='lat' dir='ltr'><strong>cum</strong></span> <span class='ocrx_word' id='word_1_180' title='bbox 1147 2874 1211 2927; x_wconf 84' lang='lat' dir='ltr'><strong>bar·</strong></span> 
     </span>
     <span class='ocr_line' id='line_1_24' title="bbox 139 2949 1208 3022; baseline 0.001 -16"><span class='ocrx_word' id='word_1_181' title='bbox 139 2953 212 3007; x_wconf 86' lang='lat' dir='ltr'><strong>baris</strong></span> <span class='ocrx_word' id='word_1_182' title='bbox 225 2963 424 3017; x_wconf 86' lang='lat' dir='ltr'><strong>contraxerant,</strong></span> <span class='ocrx_word' id='word_1_183' title='bbox 438 2969 589 3022; x_wconf 87' lang='lat' dir='ltr'><strong>quanquam</strong></span> <span class='ocrx_word' id='word_1_184' title='bbox 603 2951 719 3021; x_wconf 82' lang='lat' dir='ltr'><strong>Regulus</strong></span> <span class='ocrx_word' id='word_1_185' title='bbox 731 2951 773 3002; x_wconf 83' lang='lat' dir='ltr'><strong>vel</strong></span> <span class='ocrx_word' id='word_1_186' title='bbox 785 2962 872 3003; x_wconf 87' lang='lat' dir='ltr'><strong>morte</strong></span> <span class='ocrx_word' id='word_1_187' title='bbox 888 2970 934 3003; x_wconf 88' lang='lat' dir='ltr'><strong>sua</strong></span> <span class='ocrx_word' id='word_1_188' title='bbox 947 2969 1039 3004; x_wconf 85' lang='lat' dir='ltr'><strong>cavere</strong></span> <span class='ocrx_word' id='word_1_189' title='bbox 1052 2949 1208 3019; x_wconf 80' lang='lat' dir='ltr'><strong>studuerat,</strong></span> 
     </span>
     <span class='ocr_line' id='line_1_25' title="bbox 141 3029 1209 3102; baseline 0.001 -17"><span class='ocrx_word' id='word_1_190' title='bbox 141 3052 176 3086; x_wconf 91' lang='lat' dir='ltr'><strong>ne</strong></span> <span class='ocrx_word' id='word_1_191' title='bbox 194 3030 348 3101; x_wconf 87' lang='lat' dir='ltr'><strong>hujusmodi</strong></span> <span class='ocrx_word' id='word_1_192' title='bbox 366 3048 458 3102; x_wconf 85' lang='lat' dir='ltr'><strong>pacem</strong></span> <span class='ocrx_word' id='word_1_193' title='bbox 474 3030 592 3083; x_wconf 88' lang='lat' dir='ltr'><strong>facerent</strong></span> <span class='ocrx_word' id='word_1_194' title='bbox 605 3030 718 3082; x_wconf 86' lang='lat' dir='ltr'><strong>Romani</strong></span> <span class='ocrx_word' id='word_1_195' title='bbox 733 3048 795 3082; x_wconf 90' lang='lat' dir='ltr'><strong>cum</strong></span> <span class='ocrx_word' id='word_1_196' title='bbox 811 3029 1086 3100; x_wconf 82' lang='lat' dir='ltr'><strong>Carthaginiensibus,</strong></span> <span class='ocrx_word' id='word_1_197' title='bbox 1102 3032 1209 3087; x_wconf 81' lang='lat' dir='ltr'><strong>etiamsi</strong></span> 
     </span>
     <span class='ocr_line' id='line_1_26' title="bbox 143 3107 1210 3188; baseline 0.001 -23"><span class='ocrx_word' id='word_1_198' title='bbox 143 3112 238 3188; x_wconf 76' lang='lat' dir='ltr'><strong>captivi</strong></span> <span class='ocrx_word' id='word_1_199' title='bbox 251 3110 390 3183; x_wconf 83' lang='lat' dir='ltr'><strong>peregrina</strong></span> <span class='ocrx_word' id='word_1_200' title='bbox 401 3110 534 3163; x_wconf 86' lang='lat' dir='ltr'><strong>connubia</strong></span> <span class='ocrx_word' id='word_1_201' title='bbox 546 3108 581 3162; x_wconf 89' lang='lat' dir='ltr'><strong>ad</strong></span> <span class='ocrx_word' id='word_1_202' title='bbox 592 3109 673 3162; x_wconf 83' lang='lat' dir='ltr'><strong>vitam</strong></span> <span class='ocrx_word' id='word_1_203' title='bbox 686 3107 840 3162; x_wconf 86' lang='lat' dir='ltr'><strong>servandam</strong></span> <span class='ocrx_word' id='word_1_204' title='bbox 853 3127 908 3161; x_wconf 88' lang='lat' dir='ltr'><strong>noa</strong></span> <span class='ocrx_word' id='word_1_205' title='bbox 921 3108 1045 3163; x_wconf 86' lang='lat' dir='ltr'><strong>inierant.</strong></span> <span class='ocrx_word' id='word_1_206' title='bbox 1058 3109 1161 3163; x_wconf 82' lang='lat' dir='ltr'><strong>Forsan</strong></span> <span class='ocrx_word' id='word_1_207' title='bbox 1172 3110 1210 3166; x_wconf 90' lang='lat' dir='ltr'><strong>de</strong></span> 
     </span>
     <span class='ocr_line' id='line_1_27' title="bbox 143 3187 1209 3260; baseline 0.001 -17"><span class='ocrx_word' id='word_1_208' title='bbox 143 3193 188 3244; x_wconf 88' lang='lat' dir='ltr'><strong>illa</strong></span> <span class='ocrx_word' id='word_1_209' title='bbox 200 3210 230 3243; x_wconf 87' lang='lat' dir='ltr'><strong>re</strong></span> <span class='ocrx_word' id='word_1_210' title='bbox 242 3190 339 3243; x_wconf 88' lang='lat' dir='ltr'><strong>rectius</strong></span> <span class='ocrx_word' id='word_1_211' title='bbox 349 3207 484 3260; x_wconf 87' lang='lat' dir='ltr'><strong>possemus</strong></span> <span class='ocrx_word' id='word_1_212' title='bbox 494 3200 620 3253; x_wconf 87' lang='lat' dir='ltr'><strong>statuere,</strong></span> <span class='ocrx_word' id='word_1_213' title='bbox 635 3188 658 3240; x_wconf 87' lang='lat' dir='ltr'><strong>si</strong></span> <span class='ocrx_word' id='word_1_214' title='bbox 670 3188 784 3259; x_wconf 81' lang='lat' dir='ltr'><strong>Appiani</strong></span> <span class='ocrx_word' id='word_1_215' title='bbox 798 3187 920 3242; x_wconf 86' lang='lat' dir='ltr'><strong>Parthica</strong></span> <span class='ocrx_word' id='word_1_216' title='bbox 930 3187 963 3240; x_wconf 88' lang='lat' dir='ltr'><strong>ad</strong></span> <span class='ocrx_word' id='word_1_217' title='bbox 973 3202 1090 3241; x_wconf 88' lang='lat' dir='ltr'><strong>nostram</strong></span> <span class='ocrx_word' id='word_1_218' title='bbox 1101 3202 1209 3245; x_wconf 75' lang='lat' dir='ltr'><strong>aetatem</strong></span> 
     </span>
     <span class='ocr_line' id='line_1_28' title="bbox 144 3271 331 3343; baseline -0.011 -20"><span class='ocrx_word' id='word_1_219' title='bbox 144 3271 331 3343; x_wconf 84' lang='lat' dir='ltr'><strong>pervenissent.</strong></span> 
     </span>
    </p>

    <p class='ocr_par' dir='ltr' id='par_1_7' title="bbox 144 3345 1209 3501">
     <span class='ocr_line' id='line_1_29' title="bbox 187 3345 1209 3419; baseline -0.001 -16"><span class='ocrx_word' id='word_1_220' title='bbox 187 3370 212 3403; x_wconf 87' lang='lat' dir='ltr'><strong>r.</strong></span> <span class='ocrx_word' id='word_1_221' title='bbox 228 3349 299 3401; x_wconf 89' lang='lat' dir='ltr'><strong>Num</strong></span> <span class='ocrx_word' id='word_1_222' title='bbox 310 3347 370 3419; x_wconf 85' lang='lat' dir='ltr'><strong>quis</strong></span> <span class='ocrx_word' id='word_1_223' title='bbox 379 3359 407 3399; x_wconf 88' lang='lat' dir='ltr'><strong>et</strong></span> <span class='ocrx_word' id='word_1_224' title='bbox 414 3345 520 3398; x_wconf 86' lang='lat' dir='ltr'><strong>brevius</strong></span> <span class='ocrx_word' id='word_1_225' title='bbox 530 3357 557 3398; x_wconf 89' lang='lat' dir='ltr'><strong>et</strong></span> <span class='ocrx_word' id='word_1_226' title='bbox 567 3345 709 3416; x_wconf 83' lang='lat' dir='ltr'><strong>elegantius</strong></span> <span class='ocrx_word' id='word_1_227' title='bbox 716 3346 829 3398; x_wconf 87' lang='lat' dir='ltr'><strong>Veneris</strong></span> <span class='ocrx_word' id='word_1_228' title='bbox 837 3345 1062 3416; x_wconf 86' lang='lat' dir='ltr'><strong>pulchritudinem</strong></span> <span class='ocrx_word' id='word_1_229' title='bbox 1073 3347 1209 3415; x_wconf 82' lang='lat' dir='ltr'><strong>laudavit,</strong></span> 
     </span>
     <span class='ocr_line' id='line_1_30' title="bbox 144 3421 1208 3501; baseline 0 -20"><span class='ocrx_word' id='word_1_230' title='bbox 144 3448 224 3499; x_wconf 89' lang='lat' dir='ltr'><strong>quam</strong></span> <span class='ocrx_word' id='word_1_231' title='bbox 239 3428 371 3480; x_wconf 78' lang='lat' dir='ltr'><strong>Lucienus</strong></span> <span class='ocrx_word' id='word_1_232' title='bbox 386 3421 545 3495; x_wconf 79' lang='lat' dir='ltr'><strong>(Antholog.</strong></span> <span class='ocrx_word' id='word_1_233' title='bbox 562 3422 611 3477; x_wconf 90' lang='lat' dir='ltr'><strong>Gr.</strong></span> <span class='ocrx_word' id='word_1_234' title='bbox 627 3427 660 3479; x_wconf 88' lang='grc' dir='ltr'><strong>Τ.</strong></span> <span class='ocrx_word' id='word_1_235' title='bbox 672 3426 731 3485; x_wconf 88' lang='lat' dir='ltr'><strong>ltt,</strong></span> <span class='ocrx_word' id='word_1_236' title='bbox 747 3444 806 3496; x_wconf 84' lang='lat' dir='ltr'><strong>pag.</strong></span> <span class='ocrx_word' id='word_1_237' title='bbox 828 3444 877 3490; x_wconf 87' lang='lat' dir='ltr'><strong>ar,</strong></span> <span class='ocrx_word' id='word_1_238' title='bbox 890 3424 932 3478; x_wconf 89' lang='lat' dir='ltr'><strong>ed.</strong></span> <span class='ocrx_word' id='word_1_239' title='bbox 945 3424 1074 3491; x_wconf 87' lang='lat' dir='ltr'><strong>Jacobs),</strong></span> <span class='ocrx_word' id='word_1_240' title='bbox 1088 3426 1135 3480; x_wconf 92' lang='lat' dir='ltr'><strong>illo</strong></span> <span class='ocrx_word' id='word_1_241' title='bbox 1150 3431 1208 3501; x_wconf 88' lang='lat' dir='ltr'><strong>epi·</strong></span> 
     </span>
    </p>
   </div>
   <div class='ocr_carea' id='block_1_7' title="bbox 145 3503 1104 3578">
    <p class='ocr_par' dir='ltr' id='par_1_8' title="bbox 145 3503 1104 3578">
     <span class='ocr_line' id='line_1_31' title="bbox 145 3503 1104 3578; baseline -0.001 -19"><span class='ocrx_word' id='word_1_242' title='bbox 145 3519 299 3578; x_wconf 78' lang='lat' dir='ltr'><strong>grammate,</strong></span> <span class='ocrx_word' id='word_1_243' title='bbox 313 3521 367 3576; x_wconf 88' lang='lat' dir='ltr'><strong>qun</strong></span> <span class='ocrx_word' id='word_1_244' title='bbox 381 3505 521 3573; x_wconf 81' lang='lat' dir='ltr'><strong>imaginem</strong></span> <span class='ocrx_word' id='word_1_245' title='bbox 536 3504 648 3556; x_wconf 89' lang='lat' dir='ltr'><strong>Veneris</strong></span> <span class='ocrx_word' id='word_1_246' title='bbox 663 3505 714 3575; x_wconf 89' lang='lat' dir='ltr'><strong>ipsi</strong></span> <span class='ocrx_word' id='word_1_247' title='bbox 727 3503 874 3557; x_wconf 85' lang='lat' dir='ltr'><strong>dedicatam</strong></span> <span class='ocrx_word' id='word_1_248' title='bbox 889 3519 1044 3577; x_wconf 86' lang='lat' dir='ltr'><strong>prosecutus</strong></span> <span class='ocrx_word' id='word_1_249' title='bbox 1056 3519 1104 3559; x_wconf 85' lang='lat' dir='ltr'><strong>est:</strong></span> 
     </span>
    </p>
   </div>
   <div class='ocr_carea' id='block_1_8' title="bbox 321 3661 923 3813">
    <p class='ocr_par' dir='ltr' id='par_1_9' title="bbox 321 3661 923 3813">
     <span class='ocr_line' id='line_1_32' title="bbox 321 3661 923 3734; baseline -0.002 -19"><span class='ocrx_word' id='word_1_250' title='bbox 321 3663 362 3715; x_wconf 80' lang='grc' dir='ltr'><strong>Σοὶ</strong></span> <span class='ocrx_word' id='word_1_251' title='bbox 374 3666 464 3734; x_wconf 77' lang='grc' dir='ltr'>μορφῆς</span> <span class='ocrx_word' id='word_1_252' title='bbox 479 3663 583 3718; x_wconf 71' lang='lat' dir='ltr'><strong>uisitata</strong></span> <span class='ocrx_word' id='word_1_253' title='bbox 596 3666 653 3723; x_wconf 68' lang='grc' dir='ltr'><strong>τεῆς</strong></span> <span class='ocrx_word' id='word_1_254' title='bbox 666 3663 808 3733; x_wconf 70' lang='grc' dir='ltr'>περικαλλὲς</span> <span class='ocrx_word' id='word_1_255' title='bbox 820 3661 923 3734; x_wconf 73' lang='grc' dir='ltr'>ἄγαλμα</span> 
     </span>
     <span class='ocr_line' id='line_1_33' title="bbox 359 3737 920 3813; baseline 0.004 -20"><span class='ocrx_word' id='word_1_256' title='bbox 359 3743 454 3812; x_wconf 79' lang='grc' dir='ltr'>Κύπρι,</span> <span class='ocrx_word' id='word_1_257' title='bbox 465 3746 520 3802; x_wconf 76' lang='grc' dir='ltr'>τεῆς</span> <span class='ocrx_word' id='word_1_258' title='bbox 535 3746 624 3813; x_wconf 70' lang='grc' dir='ltr'>μορφῆς</span> <span class='ocrx_word' id='word_1_259' title='bbox 641 3743 750 3812; x_wconf 71' lang='grc' dir='ltr'>ρι’ρτερῡν</span> <span class='ocrx_word' id='word_1_260' title='bbox 765 3737 834 3793; x_wconf 72' lang='lat' dir='ltr'><strong>sidia</strong></span> <span class='ocrx_word' id='word_1_261' title='bbox 849 3743 920 3810; x_wconf 74' lang='grc' dir='ltr'><strong>ἔχων.</strong></span> 
     </span>
    </p>
   </div>
   <div class='ocr_carea' id='block_1_9' title="bbox 144 3900 1210 4056">
    <p class='ocr_par' dir='ltr' id='par_1_10' title="bbox 144 3900 1210 4056">
     <span class='ocr_line' id='line_1_34' title="bbox 144 3900 1210 3974; baseline 0.002 -17"><span class='ocrx_word' id='word_1_262' title='bbox 144 3905 245 3973; x_wconf 81' lang='lat' dir='ltr'><strong>ltiguus</strong></span> <span class='ocrx_word' id='word_1_263' title='bbox 262 3922 323 3956; x_wconf 85' lang='lat' dir='ltr'><strong>sane</strong></span> <span class='ocrx_word' id='word_1_264' title='bbox 340 3914 449 3966; x_wconf 85' lang='lat' dir='ltr'><strong>auctor,</strong></span> <span class='ocrx_word' id='word_1_265' title='bbox 467 3903 514 3972; x_wconf 90' lang='lat' dir='ltr'><strong>qui</strong></span> <span class='ocrx_word' id='word_1_266' title='bbox 531 3900 586 3954; x_wconf 78' lang='lat' dir='ltr'><strong>‹leae</strong></span> <span class='ocrx_word' id='word_1_267' title='bbox 603 3901 787 3972; x_wconf 79' lang='lat' dir='ltr'><strong>pulcherrimae</strong></span> <span class='ocrx_word' id='word_1_268' title='bbox 807 3904 897 3956; x_wconf 88' lang='lat' dir='ltr'><strong>osculo</strong></span> <span class='ocrx_word' id='word_1_269' title='bbox 915 3903 1005 3955; x_wconf 84' lang='lat' dir='ltr'><strong>luisset</strong></span> <span class='ocrx_word' id='word_1_270' title='bbox 1023 3917 1158 3974; x_wconf 79' lang='lat' dir='ltr'><strong>exceptus.</strong></span> <span class='ocrx_word' id='word_1_271' title='bbox 1175 3908 1210 3959; x_wconf 85' lang='lat' dir='ltr'><strong>Et</strong></span> 
     </span>
     <span class='ocr_line' id='line_1_35' title="bbox 145 3980 1069 4056; baseline -0.002 -19"><span class='ocrx_word' id='word_1_272' title='bbox 145 3983 293 4056; x_wconf 82' lang='lat' dir='ltr'><strong>quantavis</strong></span> <span class='ocrx_word' id='word_1_273' title='bbox 308 3996 346 4036; x_wconf 85' lang='lat' dir='ltr'><strong>est</strong></span> <span class='ocrx_word' id='word_1_274' title='bbox 359 3983 386 4034; x_wconf 92' lang='lat' dir='ltr'><strong>in</strong></span> <span class='ocrx_word' id='word_1_275' title='bbox 400 3982 446 4034; x_wconf 89' lang='lat' dir='ltr'><strong>illo</strong></span> <span class='ocrx_word' id='word_1_276' title='bbox 461 3983 541 4034; x_wconf 86' lang='lat' dir='ltr'><strong>verbo</strong></span> <span class='ocrx_word' id='word_1_277' title='bbox 557 3985 648 4050; x_wconf 59' lang='lat' dir='ltr'><strong>rgnqii</strong></span> <span class='ocrx_word' id='word_1_278' title='bbox 662 3980 731 4051; x_wconf 77' lang='lat' dir='ltr'><strong>npusl</strong></span> <span class='ocrx_word' id='word_1_279' title='bbox 744 3982 835 4036; x_wconf 86' lang='lat' dir='ltr'><strong>Horat.</strong></span> <span class='ocrx_word' id='word_1_280' title='bbox 849 3982 893 4035; x_wconf 88' lang='lat' dir='ltr'><strong>nd.</strong></span> <span class='ocrx_word' id='word_1_281' title='bbox 908 3983 962 4047; x_wconf 86' lang='lat' dir='ltr'><strong>Ill,</strong></span> <span class='ocrx_word' id='word_1_282' title='bbox 980 3984 1030 4047; x_wconf 79' lang='lat'><strong>25,</strong></span> <span class='ocrx_word' id='word_1_283' title='bbox 1044 3990 1069 4046; x_wconf 77' lang='grc'><strong>4.</strong></span> 
     </span>
    </p>
   </div>
   <div class='ocr_carea' id='block_1_10' title="bbox 0 0 1362 4808">
    <p class='ocr_par' dir='ltr' id='par_1_11' title="bbox 0 0 1362 4808">
     <span class='ocr_line' id='line_1_36' title="bbox 0 0 1362 4808; baseline 0 0"><span class='ocrx_word' id='word_1_284' title='bbox 0 0 1362 4808; x_wconf 95' lang='lat' dir='ltr'><strong> </strong></span> 
     </span>
    </p>
   </div>
  </div>
 </body>
</html>
